4200 5564
549 384 620 450 120
669 356 687 416 1
796 337 1733 458 conmanerun'uersronrcnrr.

188 561 195 576 ,
359 525 474 605 '1704
544 512 860 620 quemadmodum
888 510 964 613 ipse
1001 517 1040 592 in
1069 513 1140 594 suia
1170 512 1218 593 ad
1251 533 1310 592 nae
1337 507 1483 593 Litteris
1512 511 1566 592 bis
1600 511 1783 618 iniinnat.¹
1826 513 1947 596 Certe

361 608 429 700 Jur.
547 637 607 712 itu
636 656 718 715 mea
747 642 985 730 argumenta,
1012 655 1094 735 quae
1114 631 1211 722 dixi,
1230 653 1298 714 nec
1320 630 1435 730 faciie
1453 627 1541 709 alibi
1564 631 1746 720 inveniet,
1767 635 1951 713 necfaoi·

547 751 584 830 le
604 753 703 828 irrita
736 750 874 831 render
919 741 965 834 Et
988 751 1111 828 net'cio
1140 773 1186 830 an
1210 747 1266 826 his
1294 747 1517 829 conferenda
1541 747 1609 829 alia
1633 747 1755 850 passim
1780 747 1848 826 fine
1873 751 1949 829 ob-

549 874 632 958 via,
670 869 707 946 &
739 891 818 968 quae
850 867 965 962 magis
1002 881 1197 969 penetrent
1231 868 1269 942 in
1306 865 1493 948 interiora.
1544 857 1763 949 Etttelecbiae
1790 891 1950 971 quoque

548 990 596 1068 ,δι’
620 979 666 1068 V
664 985 778 1066 iriam
808 984 1111 1076 Dari-vatorum,
1144 987 1183 1064 tie
1212 971 1391 1061 Μιιιιιᾰί·
1425 981 1578 1062 nomina
1606 985 1949 1065 conuenire'ratio-

548 1105 829 1212 nibus,quibus
859 1101 1057 1204 fignificata
1089 1104 1287 1188 nominum
1309 1114 1512 1188 eruuntur,
1534 1123 1591 1181 res
1617 1101 1714 1206 ipsa,
1738 1102 1779 1178 ni
1802 1100 1942 1192 fallor.
2005 1203 2019 1220 .

504 1223 715 1326 sostendit
1325 1263 1326 1268 ι

635 1337 722 1418 Haeo
755 1361 836 1440 quae
870 1337 1056 1440 hucusque
1088 1335 1231 1438 scripti,
1262 1340 1532 1426 communica,
1568 1333 1730 1438 quaeso,
1768 1336 1945 1418 Domino

550 1455 693 1540 Vonn
709 1479 822 1543 ono,
846 1455 871 1537 fi
892 1457 1037 1555 placet,
1067 1469 1243 1558 tanquam
1272 1454 1311 1530 id
1342 1455 1476 1534 faceres
1503 1453 1632 1556 sponte
1648 1451 1751 1548 Tua3
1772 1479 1848 1556 quo
1866 1481 1947 1536 nae·

549 1576 618 1654 lius
648 1574 826 1672 intelligat
861 1597 938 1651 non
978 1573 1137 1658 omnino
1179 1573 1468 1682 intempestivam
1504 1568 1608 1657 frisse
1651 1569 1948 1658 admonitionem

548 1716 678 1772 meam.

631 1805 777 1920 Scripfit
800 1807 845 1885 ad
867 1829 928 1888 me
969 1809 1157 1891 Dominus
1189 1811 1412 1891 thsnu
1450 1811 1589 1892 Consm
1619 1795 1950 1922 fmsteiodamensr'r

549 1925 664 2014 Huu
679 1947 807 2012 ntur
822 1951 847 2003 ιι
863 1951 892 2004 ιιι
922 1925 1079 2008 schedas
1101 1927 1180 2003 suas
1219 1927 1497 2016 Mathematicus
1523 1927 1759 2006 Testamento
1784 1925 1951 2030 reliquis·

549 2045 585 2121 se
612 2057 740 2146 nepott
759 2067 821 2121 ex
859 2041 1007 2132 sorore,
1047 2060 1141 2146 puto
1171 2043 1347 2125 Domino·
1364 2049 1535 2130 Danae
1566 2043 1648 2141 [fic
1672 2051 1772 2124 enim
1801 2044 1948 2148 lego];

549 2162 648 2239 unde
680 2161 855 2244 credibile
892 2161 944 2240 est
978 2163 1080 2242 hune
1107 2185 1153 2238 eo
1185 2163 1255 2241 ess'e
1286 2167 1463 2266 ingenio,
1499 2181 1540 2246 ut
1569 2179 1623 2248 un
1654 2163 1771 2264 pont.
1834 2160 1951 2246 Forte

546 2277 636 2356 Tibi
662 2279 799 2386 aliquid
825 2277 870 2356 de
897 2301 944 2356 eo
976 2293 1124 2376 notum,
1184 2277 1268 2360 Erae
1293 2283 1493 2384 aliquando
1523 2286 1559 2358 in
1589 2282 1828 2361 Commercio
1857 2303 1949 2362 com

547 2395 712 2496 quodam
751 2389 902 2476 Batavo
926 2399 994 2492 (r)
1023 2401 1063 2474 tn
1087 2405 1237 2478 munem
1261 2401 1448 2499 judiciali,
1482 2397 1506 2475 fi
1538 2399 1634 2478 nene
1668 2399 1824 2474 memini
1875 2421 1952 2500 po-

544 2509 640 2603 fito,
672 2517 736 2614 qui
773 2513 909 2614 aliquid
940 2515 1147 2616 praestiterat
1180 2521 1218 2596 in
1252 2515 1534 2596 Mathematicis.
1581 2513 1767 2600 Dominus
1798 2515 1952 2594 Nasu.

547 2651 615 2710 wa
632 2653 726 2710 aar
743 2617 797 2710 r's
822 2630 921 2748 fliete
943 2635 979 2723 &
1004 2647 1099 2745 puto
1123 2633 1216 2724 reite
1231 2631 1344 2735 feeit,
1364 2637 1487 2738 donec
1504 2633 1641 2744 aliquid
1656 2633 1789 2718 melius
1805 2633 1952 2743 prestet

489 2797 498 2806 -
543 2765 656 2852 quam
687 2747 870 2836 haiienus.

629 2865 761 2948 AmIco
791 2865 934 2944 cuidam
950 2886 1036 2943 meo
1063 2861 1179 2946 Germ
1191 2895 1267 2963 vno,
1298 2875 1361 2972 qui
1388 2873 1486 2973 apud
1518 2869 1729 2952 Dominum
1751 2869 1942 2970 Legatum

544 2983 708 3099 nostrum
741 2973 903 3060 1[ιιιάιίιί
934 2985 1040 3082 agit,
1085 2992 1259 3091 quaerenti
1288 2986 1474 3069 Dominus
1509 2991 1808 3076 Cnnuunus
1849 2983 1949 3066 mine

545 3097 740 3190 schedam,
769 3123 847 3206 quae
867 3117 1017 3202 accepta
1041 3102 1122 3201 Tua
1150 3105 1258 3184 refert
1278 3107 1317 3184 &
1346 3105 1616 3210 responfionem
1642 3107 1847 3208 pollicetur.

608 3215 697 3292 Non
727 3221 840 3295 miror
870 3221 960 3297 uires
979 3222 1145 3299 nondum
1163 3225 1268 3324 plane
1294 3225 1464 3316 referias,
1492 3227 1575 3328 post
1601 3237 1743 3306 tantum
1754 3224 1945 3314 morbum.

549 3327 828 3454 Pyromontanae
850 3337 999 3415 acidulae
1027 3355 1185 3438 purgant
1211 3343 1291 3420 satis
1320 3343 1449 3422 valide.
1497 3341 1623 3446 ltaque
1649 3341 1724 3420 hoc
1751 3337 1953 3448 annosssibi

547 3475 607 3528 eas
641 3453 836 3536 convenire
863 3460 923 3542 vix
953 3467 1095 3556 putem,
1143 3457 1305 3560 Tempus
1338 3461 1379 3537 iis
1426 3459 1550 3538 utendi
1591 3461 1673 3538 sunt
1693 3460 1804 3538 aestivi
1841 3479 1950 3540 men-

551 3571 626 3662 [εις
646 3563 871 3649 autumnales
896 3573 1020 3672 potius
1051 3573 1174 3652 calidis
1195 3579 1296 3678 aquis
1321 3581 1397 3676 apti
1428 3575 1615 3664 habentur.

615 3685 753 3774 Gratias
780 3711 851 3788 ago
886 3713 956 3792 pro
985 3694 1134 3768 monitis
1164 3695 1258 3773 circa
1283 3693 1537 3783 arthritidem,
1567 3711 1610 3774 ut
1642 3694 1780 3774 belluna
1806 3688 1952 3772 Domi·

552 3827 603 3881 no
622 3801 718 3881 Tse
730 3831 772 3884 rar
786 3827 850 3883 ru
862 3831 887 3882 rr
900 3833 923 3884 a
935 3831 1051 3886 usro
1077 3809 1267 3898 denunties
1285 3802 1409 3894 auitos
1424 3811 1494 3894 effe
1511 3813 1643 3896 nolim,
1682 3811 1841 3894 Abiturit
1860 3799 1946 3886 cur·

552 3919 639 4018 sort¹
662 3919 755 4000 Vale
780 3927 818 4001 ἃ
847 3921 951 4004 Fare.
1683 3935 1687 3946 '

684 4061 817 4140 Dabam
837 4087 890 4158 13.
918 4069 1002 4171 Julii
1024 4085 1129 4170 1704

944 4245 1228 4335 Deditiffimut
1323 4251 1377 4338 G.
1408 4251 1455 4338 G.
1495 4256 1845 4367 Lemurum,
1888 4239 1893 4250 ’

904 4391 1015 4472 Deest
1042 4391 1198 4498 Epistola
1226 4405 1390 4508 quaedam
1417 4399 1681 4485 Batnoullr'ana.

515 4635 531 4674 ι
605 4604 667 4713 (ι)
699 4619 1066 4701 Clamarunt.
1778 4503 1948 4596 HIS·
