4288 5564
562 341 611 413 24
702 327 1243 415 commoror-oar
1298 303 1851 398 antarcticum·

570 543 1965 582 mmmm-*munuum*

819 707 1640 856 [ΗΜΘΝ-011111.

613 953 1057 1042 LEIBNITii
1103 951 1204 1040 ,AD
1258 941 1811 1037 BERNOULLIU
1852 941 1905 1024 M.

811 1179 1136 1354 Responfio
1171 1181 1249 1308 ad
1280 1147 1718 1352 praecedentem.

641 1477 693 1544 De
726 1463 898 1572 Phosphoro
927 1467 1109 1538 mercuriali.
1153 1472 1204 1538 De
1226 1459 1392 1558 Phosphori
1415 1457 1539 1555 igniferi
1565 1464 1735 1530 invadere.
1766 1457 1872 1530 Vera.

943 1571 994 1637 De
1021 1565 1133 1641 Calculi
1157 1561 1368 1657 differentialis
1392 1559 1589 1649 ad‘uetforiin

772 1777 848 1865 Vir
880 1780 1182 1876 ¹celeberr-ime!
1227 1785 1371 1870 Fautor
1403 1767 1763 1864 Honoratiistme!

391 1983 550 2148 ὲζίἓῶ
664 2019 838 2101 Uener
869 2025 906 2101 dc
932 2025 990 2102 Te
1016 2023 1174 2113 faciam,
1206 2025 1416 2101 &inventa
1442 2020 1555 2104 Tua,
1584 2013 1643 2091 ae'l
1675 2007 1765 2086 inde
1796 2009 1968 2084 aeitimare

597 2189 601 2200 ·
663 2155 808 2242 potes,
831 2143 933 2245 quod
951 2144 1056 2230 heri,
1082 2133 1199 2218 idest
1222 2143 1427 2242 penultima
1448 2137 1569 2215 Secuii
1597 2133 1656 2206 die
1681 2151 1728 2204 ex
1754 2126 1873 2223 longo
1908 2127 1969 2201 iti-

523 2269 525 2274 ’
569 2279 659 2337 nere
682 2261 834 2338 domum
860 2261 980 2339 «redon
1018 2259 1105 2336 Tibi
1129 2260 1245 2337 stribo
1280 2264 1374 2338 inter
1396 2261 1553 2360 primos.
1594 2247 1747 2326 Litteras
1773 2243 1883 2320 domi
1915 2243 1973 2317 in-

566 2374 674 2452 :veni¹
693 2377 885 2471 infinitas,
914 2401 1067 2481 quarum
1097 2393 1237 2477 partem
1266 2378 1426 2456 necdum
1457 2375 1556 2471 legi,
1596 2365 1692 2444 Tuas
1735 2377 1813 2439 non
1852 2357 1974 2436 distuli

575 2495 738 2594 aperire,
767 2498 805 2572 dc
833 2521 1071 2598 magnacum
1100 2497 1287 2598 voluptate
1316 2493 1608 2597 pulcherrimum
1638 2486 1824 2558 inventum
1847 2475 1974 2552 Tuum

514 2661 517 2670 ·
569 2611 673 2700 nidi,
711 2637 786 2716 quo
822 2616 912 2692 lucis
936 2614 1241 2716 impedimentum
1274 2612 1495 2692 aeoercurio
1517 2609 1559 2681 in
1582 2623 1698 2676 vacuo
1733 2596 1840 2674 tollis.
1885 2589 1973 2670 Hoc

577 2727 663 2806 Tuo
697 2735 849 2808 nomine
876 2733 1159 2808 communicabo
1198 2723 1375 2806 Sectam·
1413 2721 1661 2803 Sciemiarum
1696 2705 1974 2810 Braadedargi-

581 2871 657 2934 cae,
686 2853 746 2926 cui
771 2849 839 2921 erit
862 2844 1127 2946 -gratiiirmam,
1164 2844 1342 2944 simulque
1368 2841 1543 2918 indicabo
1577 2859 1654 2912 cern
1685 2820 1976 2910 convenientiffi·

579 2987 681 3041 mam
709 2965 745 3041 δι
776 2959 862 3043 Tibi
894 2985 970 3038 noo
1004 2964 1181 3058 ingratam
1207 2961 1383 3048 scituros,
1413 2957 1511 3051 fiad
1543 2954 1598 3031 Te
1632 2949 1812 3050 Diploma
1847 2965 1991 3041 recep-·

582 3084 693 3162 tionis
719 3085 874 3165 mittant
919 3077 1051 3177 Neque
1083 3082 1181 3154 enim
1206 3081 1272 3156 elia
1298 3079 1504 3154 ceremonia
1528 3095 1621 3172 opus
1647 3081 1749 3167 put0.
1799 3063 1977 3159 idemque

581 3196 631 3275 fic
656 3223 740 3298 erga
766 3200 856 3276 alios
880 3197 1024 3276 fartum.
1072 3195 1224 3274 interim
1251 3219 1345 3294 rogo
1371 3209 1412 3278 ut
1437 3195 1624 3268 inventum
1656 3183 1702 3261 fic
1728 3179 1976 3259 communice-
2066 3191 2077 3210 ·

502 3309 508 3323 '
587 3331 665 3394 tum
697 3321 849 3406 mittas,
878 3313 1189 3418 quemadmodum
1216 3315 1435 3412 descriptum
1467 3309 1602 3395 voles,
1635 3300 1835 3381 rationibus
1868 3297 1978 3372 etiam

589 3434 730 3534 adjectis
754 3434 800 3511 ad
828 3437 944 3513 causas
968 3430 1199 3512 illustrandas.
1249 3429 1423 3524 Quaerere
1441 3429 1553 3512 libet,
1589 3445 1634 3499 an
1663 3413 1969 3518 deprehenderis,

590 3557 762 3652 exiguam
791 3556 1024 3654 quantitatem
1046 3553 1218 3632 ,mercurii
1241 3549 1386 3628 divisam
1418 3549 1456 3620 in
1479 3555 1595 3642 partes
1620 3538 1813 3614 multarum
1835 3525 1979 3626 superii-

595 3676 756 3766 cierum,
776 3671 947 3772 praestare,
978 3669 1080 3769 quod
1109 3692 1240 3768 magna
1269 3667 1446 3769 quantitas
1462 3681 1587 3760 parum
1604 3655 1739 3732 habens
1761 3646 1971 3748 superficiei,

594 3789 654 3863 seu
681 3813 723 3865 an
754 3791 818 3866 lux
844 3793 957 3888 aragia
981 3786 1203 3882 superficiei,
1223 3808 1332 3888 quam
1349 3782 1513 3880 corporis
1533 3776 1771 3874 quantitatem
1795 3767 1975 3866 sequatur.

670 3903 902 4008 Phosphorus
927 3905 1060 4007 ignifer
1091 3897 1112 4011 (
1138 3903 1186 3980 fic
1214 3929 1297 4004 eum
1329 3899 1499 4002 appello,
1531 3895 1613 3993 quia
1639 3914 1685 3967 ex
1712 3897 1816 3964 motu
1847 3885 1886 3956 in
1919 3898 1979 3954 ve-

597 4042 678 4099 tum
712 4025 835 4121 ignem
867 4015 1068 4132 crunapit)
1101 4047 1221 4123 neque
1254 4023 1471 4119 Anglicaous
1505 4012 1577 4097 est,
1614 4029 1732 4107 neque
1762 3991 1979 4113 ssualaeiia·

359 4230 362 4237 ¹
506 4193 507 4198 a
597 4161 698 4228 nus,
737 4139 794 4216 sed
815 4134 1049 4222 Brandianus
1071 4169 1085 4237 v;
1117 4161 1199 4216 nam
1231 4165 1250 4216 a
1280 4139 1507 4218 Banumo
1550 4125 1645 4226 apud
1685 4099 1980 4217 Hamburgenfts

595 4279 684 4334 ¹vero
708 4259 919 4349 inventore,
948 4241 1557 4339 Karrarus&Kunnur1us
1584 4235 1891 4340 compositionem
1912 4227 1980 4305 ob-

483 4487 486 4492 ,
598 4380 766 4483 tinette,
794 4399 902 4485 quam
927 4373 1200 4460 ,Kaarrrus
1226 4372 1463 4486 (Authorem
1492 4361 1642 4444 candide
1668 4341 1874 4462 profeffus)
1896 4343 1982 4536 tuffi
2013 4445 2015 4448 Ι
