4288 5564
534 365 585 444 54
652 356 1206 444 corrrrrrcrurr
1255 351 1821 438 rrrrrotrourr.

209 551 214 559 -
371 491 475 566 ¹70¹··
544 527 621 582 non
647 502 738 584 adeo
763 503 812 586 est
835 500 1106 586 incommodus,
1152 497 1292 590 Collo,
1318 513 1363 580 ut
1393 497 1515 592 videa,
1543 497 1723 600 lagenulae
1750 501 1940 581 circumli-

339 575 503 670 tugost,
545 625 629 722 gavi
650 621 803 700 frustum
824 617 957 709 resrcae,
975 624 1121 717 majoris
1146 631 1290 698 tantum
1323 615 1472 706 cautelae
1502 621 1637 716 gratia,
1667 619 1834 720 alioquin
1853 643 1937 698 nou

544 765 639 842 opus
667 739 779 834 ellet3
800 739 938 840 poteris
960 741 1126 818 adimere·
1142 737 1280 826 rursus,
1309 733 1341 811 -sr
1364 735 1511 814 libuerit
1520 759 1536 830 w3
1568 735 1712 814 Praestat
1741 750 1864 814 tamen
1887 749 1932 815 ut

541 856 655 950 finas,
683 881 768 934 nam
790 857 976 936 abundans
1000 858 1142 936 cautela
1173 878 1251 934 non
1282 866 1404 932 nocet.
1448 850 1547 930 intra
1571 851 1724 932 vesicam
1754 855 1792 930 lie
1821 878 1929 954 oper·

537 976 666 1059 ⁴culum
689 975 878 1054 stanneum
896 999 984 1054 cum
1013 977 1165 1064 cochlea
1191 971 1339 1050 femella
1348 969 1451 1048 alteri
1480 971 1642 1050 cochleae
1676 974 1769 1052 nuri
1796 975 1929 1071 pariter

538 1092 694 1171 stannea
722 1092 1038 1192 superinduiium3
1061 1095 1142 1180 sed,
1170 1093 1265 1168 lutra
1303 1081 1522 1189 operculum
1539 1087 1686 1188 ipsum,
1712 1088 1802 1168 colli
1829 1087 1927 1167 orisi-

422 1306 433 1316 ,
537 1212 642 1291 'cium
660 1213 875 1290 obturatum
899 1211 949 1287 est
967 1209 1225 1292 ¹accuratishme
1248 1205 1398 1295 subere,
1419 1219 1602 1282 -caemento
1634 1205 1796 1306 quodam
1819 1207 1925 1285 undi-

540 1351 684 1431 quaque
720 1329 837 1428 probe
862 1332 1037 1424 monito;
1070 1345 1111 1406 ot
1137 1327 1216 1404 hoc
1240 1323 1360 1403 modo
1396 1323 1490 1402 nihil
1520 1347 1593 1410 neo
1627 1327 1716 1401 airis
1746 1321 1919 1422 ingredi,

534 1469 609 1526 rrec
631 1448 805 1525 mercurii
830 1447 973 1546 egredi,
998 1447 1055 1524 ael
1078 1445 1123 1522 ad
1151 1443 1368 1546 opernrflum
1394 1441 1607 1530 stanneum,
1631 1441 1733 1542 quod
1749 1443 1924 1520 corrode-

535 1577 614 1653 ret,
651 1564 839 1666 pervenire
865 1545 983 1666 poffit.
1029 1563 1137 1642 Certe
1161 1578 1295 1677 praeter
1314 1563 1570 1650 ¹inuentionrm
1595 1556 1826 1662 Phosphori,
1847 1561 1922 1662 ipsa

531 1682 612 1779 ejus
644 1683 847 1760 elaboratio
868 1706 946 1760 non
977 1683 1165 1782 postrema
1186 1683 1237 1758 est
1264 1685 1495 1759 artis-:nemo
1523 1673 1625 1766 enim
1651 1677 1756 1759 facile
1783 1679 1920 1759 exhau-

529 1803 603 1878 riet
632 1809 752 1880 adrem
782 1797 829 1878 ad
857 1800 1042 1882 decimam
1064 1799 1175 1902 usque
1203 1797 1425 1878 nrillefimam
1450 1810 1616 1897 partem,
1638 1821 1760 1900 eoque
1777 1813 1920 1894 epitrac-

528 1928 573 1994 to
609 1918 695 1998 scite
732 1917 824 1996 adeo
851 1917 1062 2008 obturabit,
1095 1933 1136 1996 ut
1164 1917 1254 1994 nihil
1284 1918 1325 1994 in
1350 1915 1561 2013 lagenulam
1591 1914 1760 2018 subrepat
1795 1921 1911 2010 aeria,

527 2033 695 2138 nihilque
718 2039 758 2114 in
778 2035 1004 2137 postremum
1019 2035 1063 2112 sit
1090 2036 1356 2136 subrepturum.
1382 2031 1471 2121 Hor
1491 2033 1703 2132 primarium
1721 2031 1792 2110 esse
1806 2048 1917 2134 poto,

529 2153 633 2252 quod
664 2151 915 2242 Parihensrbus
939 2154 1058 2240 adhuc
1088 2152 1204 2230 deelle
1228 2152 1364 2241 credo,
1392 2151 1430 2227 dr
1455 2154 1561 2250 ouius
1589 2151 1729 2228 desediu
1746 2151 1916 2233 haetenus

526 2271 698 2348 nondum
723 2271 767 2348 ad
796 2287 964 2374 optatum
992 2268 1187 2352 successum
1216 2282 1420 2372 potuerunt
1450 2271 1652 2368 pervenire.
1697 2265 1910 2363 Caeterum,

523 2381 554 2460 li
586 2388 692 2466 ‘lubet
715 2395 1013 2492 experimentum
1037 2389 1155 2468 sacere
1184 2413 1274 2476 oum
1301 2388 1380 2472 hoc
1400 2385 1644 2484 Phosphoro,
1676 2409 1755 2462 non
1782 2383 1915 2472 sufficit

524 2519 569 2583 ut
594 2505 636 2584 id
659 2503 721 2582 siat
745 2511 784 2584 in
816 2508 905 2586 loco
921 2507 1107 2597 obscuro,
1129 2508 1313 2600 interdiu;
1335 2529 1423 2584 nam
1437 2504 1543 2584 ocrdi
1572 2505 1681 2582 nimia
1700 2503 1820 2582 adhuc
1836 2508 1912 2585 diei

521 2621 607 2706 luce
630 2622 811 2730 perculsi,
830 2649 906 2704 noo
932 2625 1036 2705 facile
1050 2627 1261 2727 percipiunt
1284 2625 1408 2726 lumen
1425 2623 1606 2700 debiliuse
1634 2619 1780 2698 noiiem
1796 2623 1912 2722 ipsam

517 2741 633 2838 igitur
663 2741 851 2838 expedes,
868 2746 1011 2841 &⁴quo
1038 2735 1312 2828 obscuriorem,
1338 2767 1389 2822 eo
1420 2741 1571 2833 melius3
1596 2755 1676 2815 tum
1704 2737 1910 2838 apprehen-

519 2857 559 2929 so
585 2854 760 2951 lagenulae
785 2857 909 2944 collo,
928 2879 1007 2930 eam
1028 2859 1167 2951 agites,
1192 2855 1328 2936 sursrun
1345 2854 1535 2940 deorsum,
1556 2851 1659 2954 quasi
1681 2853 1793 2930 velles
1810 2856 1908 2933 elue·

514 2993 557 3053 rr
579 2972 737 3059 ultrum,
764 2985 844 3052 tota
872 2971 1039 3072 lagenula
1066 2971 1149 3052 uitri
1169 2973 1276 3069 ignea
1297 2969 1506 3068 apparebit,
1523 2973 1626 3069 cujus
1640 2969 1907 3071 splendornon

514 3090 637 3166 minus
661 3087 804 3168 vividus
828 3089 883 3170 est
905 3111 1014 3190 quam
1043 3085 1248 3188 Phosphori
1265 3074 1476 3192 Krcffr'an'i
1497 3089 1664 3188 chymiee
1681 3090 1805 3188 parati.
1825 3085 1903 3174 Ro-
1949 3095 1970 3138 0

508 3226 565 3302 go
590 3204 682 3282 mihi
706 3206 813 3288 ‚ocior
837 3207 1031 3310 perscribas
1055 3229 1131 3307 quo
1160 3208 1198 3280 in
1216 3205 1304 3288 [utu
1329 3207 1453 3284 omnia
1472 3205 1751 3308 deprehenderis
1758 3229 1771 3304 3
1785 3229 1902 3284 unum

505 3320 560 3399 eli
582 3321 685 3422 quod
713 3345 853 3413 pareas.
871 3349 921 3407 ue
943 3325 1078 3406 scilicet
1091 3322 1264 3422 -lagenula
1290 3324 1449 3406 niarium
1467 3323 1683 3412 hrcalescat,
1710 3323 1811 3400 unde
1834 3347 1903 3404 cae·

507 3449 707 3530 mentum,
743 3441 1000 3522 obturaculum
1034 3440 1224 3522 subereum
1251 3444 1516 3539 praemuniens,
1550 3441 1818 3542 liquescere&
1854 3441 1899 3518 ab

500 3565 591 3634 atre
611 3557 810 3648 forinsecus
833 3562 970 3659 jugiter
1000 3571 1152 3656 urgente
1181 3581 1248 3658 per
1272 3558 1538 3638 foraminolum
1564 3561 1603 3633 in
1640 3559 1766 3636 subere
1793 3558 1900 3638 relic·

506 3685 613 3764 tum,
635 3699 701 3774 per
722 3675 824 3779 quod
851 3701 911 3754 aer
936 3673 1082 3755 edatius
1106 3674 1243 3765 fluerat,
1264 3679 1304 3752 iu
1331 3677 1414 3753 vitri
1447 3677 1637 3754 cavitatem
1665 3676 1784 3776 premi
1807 3676 1898 3775 pos·
1923 3767 1935 3780 ,

506 3787 570 3866 set
617 3793 712 3872 Alias
740 3794 831 3874 nihil
858 3795 906 3872 eli
935 3794 1037 3896 quod
1056 3807 1219 3881 metuasr
1239 3795 1380 3894 poteris
1401 3805 1522 3873 tecum
1552 3791 1716 3891 gestare,
1737 3794 1775 3868 de
1801 3815 1895 3893 quo·

504 3907 612 4007 visin
630 3909 719 3986 loco
734 3913 1026 4016 experimentum
1047 3911 1253 4009 instituere,
1278 3907 1353 3988 siue
1368 3907 1549 3992 fruitionis
1562 3908 1751 4007 periculo,
1763 3913 1895 3986 etiam·

501 4019 637 4102 finon
675 4025 767 4102 adeo
810 4047 914 4108 caute
949 4029 1205 4107 contrettetur.
1266 4025 1417 4104 Vitrum
1443 4029 1571 4114 enim,
1601 4027 1655 4102 ob
1686 4019 1895 4104 notabilem·

502 4137 781 4240 spissitudinem,
805 4145 884 4226 satis
903 4147 1091 4233 robustum
1112 4147 1184 4236 est,
1204 4143 1320 4226 modo
1340 4165 1416 4218 non
1433 4143 1471 4217 in
1489 4166 1632 4244 *corpus
1655 4143 1805 4244 aliquod
1821 4142 1891 4220 du·

498 4281 584 4342 rum
613 4261 723 4341 nimis
744 4257 882 4338 roditer
910 4267 1092 4363 impingat
1115 4289 1127 4358 ;
1157 4263 1308 4340 aliamve
1337 4272 1563 4350 externam,
1592 4262 1653 4337 vel
1688 4261 1890 4342 violentam·

499 4376 538 4452 in
541 4379 673 4475 jurium
689 4379 854 4478 patiatur.
910 4374 954 4456 ht
966 4381 1011 4453 ita
1027 4380 1136 4456 habes
1151 4379 1408 4484 Phosphorum
1436 4380 1708 4480 inperpetuum
1741 4379 1889 4457 durabi-

493 4491 594 4596 lem,
626 4496 740 4604 quails
779 4497 899 4580 nullos
934 4491 1107 4584 haetenus
1135 4498 1304 4583 iuuentus
1337 4499 1417 4606 fuitg
1487 4495 1653 4607 Quando
1678 4519 1765 4575 vero
1792 4497 1883 4572 dieis

1722 4633 1881 4692 amicum
