4166 5558
570 407 640 490 382
807 397 1262 490 COMMEROIUM
1312 393 1782 471 EPISTOLICUM.

391 566 495 644 1716
568 555 665 606 mam
691 533 844 612 mundi?
879 533 979 612 Male
1006 529 1150 608 excusat
1183 527 1383 608 dominam
1409 519 1632 606 Nemora
1616 547 1699 603 ιιι
1734 525 1780 602 de
1809 519 1971 624 sponta'

384 653 477 745 Junq
568 671 634 722 nea
664 651 792 724 virium
819 651 1009 730 auianum
1033 647 1278 724 diminutione
1303 644 1339 718 dc
1361 641 1507 720 tandem
1526 639 1745 722 cellatione
1735 665 1772 718 iu
1792 639 1964 728 munde,

567 760 632 843 nisi
657 763 782 844 aDeo
812 783 1033 866 reparemur
1064 761 1117 840 Ex
1134 786 1209 863 quo
1222 759 1445 858 intelligatur
1466 761 1504 840 N
1513 781 1778 838 awaouuu
1806 757 1967 858 ejusque

566 877 706 960 alleclas
735 904 856 959 veram
882 882 1064 958 seientiam
1082 882 1142 956 rei
1175 881 1372 978 dynanaicae
1400 879 1570 956 nondum
1602 877 1743 956 babere
1772 869 1850 953 ‚Ex
1877 873 1967 952 nos-

450 1027 458 1050 ν
497 1015 507 1034 ⁴
566 998 628 1071 tris
656 999 755 1072 enim
783 1001 970 1100 principiis
996 997 1138 1096 semper
1154 996 1307 1074 servatur
1320 993 1446 1076 eadem
1464 999 1642 1096 quantitas
1663 993 1802 1069 virium.
1856 989 1962 1068 Male

567 1114 675 1188 eriam
699 1115 844 1192 excusat
871 1115 1008 1215 phrasin
1040 1105 1330 1192 Newtonianam
1351 1111 1397 1188 de
1423 1112 1539 1213 spatio
1579 1111 1738 1190 sensorio
1760 1105 1850 1186 Dei.
1916 1107 1969 1184 Et

566 1233 652 1328 quia
681 1231 834 1328 spatium
858 1231 973 1310 hodie
1002 1232 1052 1310 est
1072 1231 1219 1309 ldolum
1244 1218 1445 1333 Augurum
1460 1251 1471 1322 ;
1500 1251 1572 1328 ego
1598 1227 1663 1330 ipfi
1695 1223 1850 1306 ostendo
1883 1225 1962 1326 spa-

566 1350 657 1420 tium
682 1371 760 1426 non
785 1348 857 1428 elle
877 1349 1013 1450 aliquid
1040 1349 1137 1424 reale
1162 1349 1387 1436 absolutum,
1415 1369 1491 1424 non
1512 1350 1625 1446 magis
1649 1367 1758 1444 quam
1784 1357 1957 1444 tempus,

564 1461 625 1538 sed
650 1463 818 1542 ordinem
847 1469 1045 1567 quemdam
1066 1467 1274 1562 generalem
1299 1462 1542 1553 coexistendi,
1565 1466 1620 1542 uti
1644 1477 1790 1564 tempus
1812 1459 1867 1537 est
1901 1484 1960 1537 or·

565 1579 616 1656 do
639 1581 816 1660 existendi
840 1581 1041 1662 successive.
1075 1581 1204 1683 ltaque
1224 1581 1294 1659 elle
1320 1579 1456 1683 aliquid
1477 1581 1622 1670 ideale,
1643 1575 1789 1682 quodli
1814 1591 1958 1656 creatu·

564 1719 614 1772 ιιι
640 1697 897 1789 tollerentur,
935 1723 1012 1780 non
1051 1698 1214 1776 futurum
1241 1697 1348 1796 effer,
1374 1697 1438 1774 nili
1477 1700 1515 1774 in
1551 1699 1641 1776 ideis
1671 1697 1753 1775 Dei.
1799 1693 1957 1774 Ostendi

566 1813 677 1892 etiam
700 1814 897 1894 secundum
921 1815 1230 1899 Newrouum
1248 1817 1383 1894 crebris
1410 1815 1603 1892 miraculis.
1617 1816 1662 1892 ad
1684 1811 1957 1892 sustentandum

279 2016 283 2043 ι
439 2005 444 2010 ,
566 1943 699 2010 uaturae
728 1934 988 2034 censumopua
1018 1932 1112 2020 elle,
1140 1936 1176 2010 δι
1204 1957 1252 2010 err
1271 1935 1489 2014 Οιιιιιιιι
1508 1931 1802 2010 circinationibus
1828 1927 1954 2028 depre-

565 2045 692 2124 hendo
717 2049 833 2148 iplum
856 2075 935 2128 non
959 2051 1093 2130 babere
1131 2050 1268 2126 bonam
1300 2053 1495 2128 notionem
1521 2050 1697 2128 miraculi
1749 2043 1831 2150 lpli
1856 2048 1954 2122 enim

566 2163 736 2242 miracula
766 2181 907 2244 tantum
939 2167 1136 2246 secondum
1167 2188 1237 2246 noa
1278 2191 1298 2244 a
1334 2164 1556 2244 naturalibus
1583 2161 1729 2247 differre
1752 2165 1951 2250 videntur.

566 2291 740 2380 tanquam
764 2287 883 2367 minua
908 2283 1068 2362 usitata:
1108 2281 1169 2362 sed
1202 2283 1401 2362 secundum
1431 2281 1651 2400 Theologos
1677 2285 1716 2360 dc
1740 2286 1951 2375 ueritatem

564 2396 737 2474 miracula
755 2400 907 2495 [saitem
929 2425 971 2480 ea
999 2422 1082 2506 quae
1099 2401 1180 2494 sunt
1202 2399 1397 2500 superioris
1419 2401 1579 2488 ordinis,
1604 2401 1704 2479 velut
1729 2421 1873 2487 creare,
1896 2419 1953 2472 aa·

565 2511 748 2611 nihiiare]
777 2517 1030 2597 oausoeudunt
1058 2541 1191 2598 omnes
1220 2533 1355 2596 naturae
1390 2533 1518 2596 create
1541 2521 1643 2594 vireu
1697 2516 1825 2618 ltaque
1852 2509 1952 2616 quid·

565 2631 656 2730 quid
684 2654 731 2708 ex
760 2638 894 2712 naturis
921 2657 1040 2714 rerum
1064 2635 1321 2734 inexplicabile
1346 2635 1423 2718 est,
1455 2635 1766 2743 quemadmodum
1791 2628 1951 2712 attradio

498 2815 501 2825 ,
564 2747 739 2845 generalis
768 2755 923 2830 materiae
943 2745 1218 2842 Newtoniana,
1241 2753 1381 2854 aliaque
1403 2752 1603 2849 eiusmodi,
1625 2751 1682 2830 vel
1699 2747 1951 2828 miraculosum

540 2863 636 2952 est,
663 2863 732 2968 vel,
751 2867 953 2950 absurdum.
991 2869 1147 2949 Fortalle
1169 2869 1358 2947 non-nihil
1375 2870 1509 2956 ¹adhuc
1540 2867 1825 2956 continuabitur,
1839 2864 1951 2944 nostra

404 3043 407 3050 ,
566 2980 741 3080 collatio,
771 2987 810 3063 in
839 3011 911 3090 qua
937 2987 1063 3066 absunt
1092 3011 1172 3088 quae
1197 2986 1382 3065 offendere
1413 2985 1565 3087 poffint,
1593 2991 1630 3064 δι
1649 2985 1782 3063 videbo
1807 3002 1950 3086 quorea

566 3093 610 3170 lit
638 3101 788 3182 evasura.
835 3102 1053 3204 Huiusmodi
1075 3106 1176 3184 euim
1184 3104 1407 3184 collationes
1432 3103 1524 3182 mihi
1539 3104 1646 3184 ludus
1666 3102 1844 3207 jocusque
1861 3100 1947 3184 sunt,

565 3215 653 3311 quia
677 3217 717 3292 in
742 3218 984 3322 Philosophia.

742 3328 880 3415 Ormia
898 3339 1054 3448 praecepi
1085 3353 1197 3446 atque
1218 3341 1338 3424 animo
1364 3364 1508 3420 naccam
1534 3357 1620 3420 mue
1638 3337 1782 3450 peregi..

623 3701 778 3780 Gratum
804 3693 871 3769 erit
886 3689 1082 3794 aliquando
1108 3687 1333 3792 intelligere,
1357 3694 1423 3772 tibi
1436 3692 1630 3772 innotuille
1646 3689 1855 3772 lhutiuram
1878 3685 1950 3768 Ho

568 3818 801 3916 rologiorum
827 3811 1184 3888 turbinatoriorum
1171 3833 1244 3908 Jam
1274 3810 1505 3891 usitatorum:
1533 3814 1572 3888 ni
1597 3810 1705 3888 fallor
1725 3809 1819 3888 olim
1838 3803 1951 3908 Runa

494 3945 498 3954 “
562 3936 898 4016 Cimbricus,
930 3924 1082 4023 [Frater
1112 3921 1189 4032 ejus
1217 3925 1281 4029 qui
1311 3932 1409 4006 vitris
1435 3929 1593 4008 terendis
1619 3911 1853 4025 excellebat]
1875 3924 1950 4005 talia

572 4051 726 4158 parabat
786 4045 904 4140 Quod
924 4045 1079 4145 superest
1108 4043 1201 4143 Vale
1232 4048 1269 4124 δι
1294 4044 1397 4126 Faue.

688 4161 821 4234 Dabam
847 4165 1022 4234 Ηιιιιιιιιι
1043 4175 1079 4250 7.
1095 4140 1191 4254 Junii
1207 4169 1314 4251 1716.

1519 4257 1780 4340 Deditiffimur.

1345 4471 1393 4556 G.
1431 4468 1479 4556 6
1516 4417 1834 4563 Ιιιιιιιιιιιιι.

1718 4630 1725 4640 ’
1778 4615 1945 4710 EPIS-
