4288 5564
410 275 419 316 i

569 393 613 476 p
717 384 1866 478 uouurucrunrrttrorteuu

659 514 777 612 Quod
811 519 994 623 superest,
1033 518 1329 604 vocemve.
1451 577 1454 583 —

671 729 805 840 Dabam
836 736 1013 810 luentem
1051 749 1108 824 13.
1139 733 1340 832 Septembris
1364 751 1471 829 1701.

1509 925 1802 1016 Detitinmus.

1397 1143 1448 1228 G.
1478 1145 1525 1228 G.
1560 1145 1884 1232 eruurrtutJ

642 1355 681 1446 PL
711 1363 744 1444 S.
774 1367 811 1446 st
839 1370 929 1473 quid
959 1369 1046 1446 velis
1075 1368 1134 1446 vei
1165 1365 1210 1444 ad
1245 1387 1340 1457 me,
1375 1367 1508 1444 velud
1550 1369 1792 1456 Societatem,
1831 1371 1980 1467 poterit

573 1487 663 1562 dum
690 1488 835 1578 abtum,
868 1487 959 1564 retu
985 1492 1082 1566 mitti
1117 1479 1327 1563 Beron'num
1362 1489 1406 1562 ad
1444 1484 1650 1564 Dominum
1681 1485 1976 1587 Jrrronsn

573 1602 809 1681 secretarium
838 1606 994 1706 Regium
1030 1609 1065 1684 &
1096 1605 1218 1705 Regiae
1253 1607 1440 1682 Societutis
1485 1597 1728 1708 Beroli-aetq't's.
1785 1605 1900 1706 quue
1928 1621 1975 1685 ut

571 1721 678 1798 facias
707 1748 850 1824 aequunr
888 1717 1011 1828 putoj
1040 1725 1245 1825 litterasque
1275 1724 1321 1801 nd
1352 1723 1571 1802 Societatem
1599 1723 1793 1838 includas,
1833 1727 1977 1826 quibus

572 1844 694 1938 gratiae
718 1859 877 1941 agantur.
1945 1857 1950 1867 '

574 2077 1528 2106 ι--ιι--ι-ι-ι--ι--ιιη-ιι
1533 2075 1960 2104 uuna-anm

670 2229 674 2236 ’
816 2231 1396 2326 EPlS-TOLA
1474 2233 1734 2322 CXXIII.

590 2456 746 2554 BERN
758 2457 969 2544 OULLH
1000 2462 1080 2543 AD
1110 2455 1424 2590 soclttnt.
1456 2455 1950 2540 BEROLINENSEM,
2051 2477 2054 2482 ·

802 2681 990 2749 Gratiarum
1015 2679 1093 2751 atiio
1113 2697 1176 2773 pro
1194 2676 1254 2768 fita
1277 2681 1310 2750 in
1337 2699 1407 2748 cutm
1436 2679 1562 2750 metum
1586 2679 1764 2769 receptione.

624 2865 823 2949 illustribus
853 2889 961 2973 utque
990 2872 1220 2972 Avmpliffimin
1249 2873 1345 2950 Vitis
1383 2872 1524 2950 Praeiidi
1556 2841 1762 2975 ceterisque
1796 2871 1913 2970 Socii}

896 2989 1086 3104 societatis
1105 2989 1404 3088 Brundebutgicae
1431 2982 1471 3066 S.
1505 2984 1550 3066 P.
1579 2986 1634 3070 D.

837 3219 1709 3320 Jonnueessenuountn

323 3557 326 3563 .
400 3494 505 3571 1701.
568 3461 1408 3644 SPttunrotsstmutrDipioma,Viri
1432 3473 1763 3576 Iliusttes,quoin
1792 3467 1965 3552 Vestram

398 3587 521 3668 Octob.
638 3593 856 3672 Societatem
889 3617 946 3670 me
969 3611 1186 3696 cooptatum
1203 3595 1304 3683 vidi,
1329 3617 1375 3672 eo
1399 3597 1522 3694 accepi
1542 3610 1731 3696 tempore,
1762 3618 1837 3696 quo
1856 3591 1966 3692 quid·

565 3715 618 3789 tis
646 3713 743 3790 aliud
777 3714 898 3813 potius
930 3711 1171 3813 cogitassem:
1202 3713 1294 3790 Non
1324 3715 1422 3789 enim
1467 3736 1507 3788 ea
1533 3715 1736 3810 arrogantia
1767 3709 1963 3810 procedo,

567 3847 608 3904 ut
638 3847 788 3931 propter
815 3835 942 3909 merita
960 3833 1039 3910 hoc
1056 3835 1146 3910 tenti
1173 3832 1326 3909 honoris
1351 3831 1410 3908 vel
1435 3829 1651 3930 sperandum
1678 3829 1737 3905 vel
1772 3827 1964 3928 expetitu-

570 3945 659 4020 dum
689 3950 778 4023 mihi
809 3953 1045 4048 promittam
1081 3949 1178 4028 haud
1202 3952 1340 4050 quippe
1378 3950 1546 4046 ignarus,
1573 3947 1611 4023 id
1642 3947 1710 4024 illis
1745 3960 1885 4024 tuntum
1916 3942 1964 4020 de

568 4067 646 4160 jure
677 4085 884 4159 competere
913 4075 975 4171 qui
999 4068 1178 4171 perspecta
1208 4069 1267 4144 sua
1295 4065 1502 4143 eruditione
1538 4086 1775 4142 communem
1811 4061 1965 4162 appian-

568 4181 645 4256 sum
684 4179 824 4256 dudum
856 4211 1097 4283 promeruere.
1145 4185 1262 4280 Quod
1286 4181 1313 4260 st
1339 4197 1461 4260 tamen
1488 4205 1658 4260 meorum
1679 4181 1724 4258 ad
1757 4205 1837 4259 eam
1870 4179 1962 4278 aspi-

567 4297 670 4375 tandi
702 4313 902 4376 conatuum
933 4309 1110 4382 rationem
1145 4307 1267 4405 potius
1295 4299 1466 4380 habuistis
1495 4325 1604 4403 quam
1632 4301 1775 4378 alterius
1805 4296 1959 4397 cujusvis

563 4419 643 4508 rei,
672 4441 752 4518 quae
787 4421 824 4493 in
858 4415 946 4495 Viro
973 4422 1081 4497 dotto
1103 4427 1335 4518 requiritur,
1369 4445 1511 4524 queque
1550 4441 1623 4518 ego
1661 4443 1718 4496 me
1752 4439 1871 4495 cerere
1897 4414 1961 4489 lu-

564 4536 654 4614 bens
682 4534 897 4632 confiteor3
935 4561 1001 4618 vor
1029 4549 1128 4616 cette
1158 4561 1238 4615 non
1268 4541 1423 4622 omnino
1452 4545 1493 4618 iu
1524 4540 1707 4641 opinione
1734 4534 1859 4614 Vestra
1895 4533 1959 4608 de·

1825 4663 1961 4752 ¹ceptor
