4166 5558
162 297 611 384 ccrsnrrrrrr
635 261 1231 392 transuta-rimasse.
1259 291 1433 376 ccxxx.
1469 315 1548 395 349

129 443 229 504 eas.
281 428 336 508 lta
369 433 560 506 necatum
587 419 885 527 ipsodisputatio
914 425 1124 528 aliquandiu
1155 428 1271 531 sopita
1297 429 1441 530 jacebit.
1472 426 1684 532 -sed171p

130 543 447 626 interiml’anu
460 567 487 620 u
500 567 526 622 s
540 568 553 620 1
569 569 619 621 us
641 545 805 622 libellum
825 569 948 624 meum
962 542 1229 644 suggillandum
1244 547 1396 647 suscepit
1408 552 1555 648 ,primo
1571 517 1667 590 Mam

130 661 525 764 peculiari'quodam
549 662 682 764 scripto
707 663 808 764 quod
840 666 878 738 in
904 663 1025 740 lucem
1054 663 1254 762 protrusit,
1288 667 1412 764 postea
1442 668 1552 744 etiam

132 783 182 856 in
220 776 370 859 Diarr'o
400 768 673 891 Trevultr’enfi,
696 775 758 886 (r)
789 777 915 858 Mense
935 780 1060 880 Aprili.
1096 779 1210 858 sed„
1366 779 1459 858 nihil
1484 782 1550 860 nisa

133 899 316 996 ineptias
332 899 436 977 ¹mira
460 897 681 976 obscuritate
703 900 885 976 involutas
904 896 1106 998 opposuit:
1134 899 1248 976 multa
1274 899 1365 975 mihi
1395 901 1554 1000 imputat

134 1037 241 1116 quae
270 1039 350 1092 non
382 1014 488 1108 dixi3
515 1013 629 1093 multa
658 1021 857 1115 praevertit,
884 1017 921 1092 u
945 1015 1052 1121 verba
1076 1037 1156 1090 mea
1182 1017 1376 1117 detorquet
1402 1019 1441 1094 in
1467 1017 1551 1094 alle·

138 1155 250 1209 num
279 1127 446 1225 sensum3
467 1130 552 1222 sed,
583 1135 685 1234 quod
713 1133 903 1236 pessimum
936 1133 1009 1220 est,
1035 1133 1199 1230 quaedam
1223 1157 1302 1209 mea
1325 1188 1545 1213 ........

146 1249 226 1328 sua
253 1251 361 1336 satit,
391 1251 479 1328 dum
505 1273 565 1326 me
592 1251 752 1334 refutare
775 1251 918 1330 videtur
941 1277 951 1326 :
979 1248 1114 1326 scilicet
1140 1249 1215 1326 hoc
1243 1246 1396 1328 artificio
1410 1253 1550 1350 utitur,

142 1417 160 1444 .
182 1419 196 1444 .
222 1422 325 1466 ...,
348 1381 390 1444 ut
412 1366 605 1446 dissimulet
638 1368 806 1468 Plagium
837 1371 966 1464 suum3
993 1367 1095 1466 quod
1131 1367 1280 1466 quidem
1303 1367 1353 1442 ob
1384 1380 1551 1458 tantam,
1634 1457 1637 1464 ¹
1743 1419 1748 1428 ·

145 1507 275 1586 quam
310 1485 484 1574 affectat,
518 1485 775 1570 obscuritatem
803 1485 914 1568 facilc
942 1482 1008 1586 ipfi
1037 1483 1230 1562 succedit:
1265 1481 1310 1562 Et
1347 1482 1373 1559 [ι
1404 1487 1551 1564 interim

145 1604 304 1680 ratione
337 1603 537 1694 civilitatis,
567 1627 639 1706 qua
661 1627 721 1683 me
755 1607 899 1695 tradat,
935 1605 1111 1703 conqueri
1136 1625 1212 1678 uon
1233 1598 1365 1702 poffim
1394 1601 1439 1678 de
1471 1603 1551 1700 ejus

153 1719 285 1798 modo
311 1721 547 1818 ,scribendi;
577 1725 663 1824 quia
689 1721 740 1800 est
780 1723 959 1823 litigiosus
999 1775 1010 1809 ,
1054 1723 1093 1796 in
1137 1719 1212 1797 hoc
1253 1724 1365 1797 unico
1394 1719 1551 1817 gloriam

150 1859 353 1938 quaererrs,
383 1852 424 1917 ut
448 1840 528 1918 lites
556 1843 597 1916 in
620 1839 805 1920 infinitum
832 1838 1045 1940 protrahat,
1076 1837 1261 1938 novasque
1286 1859 1333 1914 ex
1354 1839 1477 1914 litibus
1501 1837 1551 1914 se-

150 1969 239 2044 rat,
274 1955 388 2057 idque
429 1955 624 2058 inprimis,
661 1951 707 2034 ut
727 1957 866 2046 audi0‚
905 1959 1051 2041 ambit,
1081 1971 1122 2032 ut
1148 1949 1362 2032 adversarios
1391 1957 1556 2056 acquirat

150 2073 313 2169 alicujus
342 2077 503 2151 nominis
533 2079 569 2152 ἃ
599 2073 726 2165 samae,
760 2077 964 2177 exquibus
998 2073 1097 2150 vidis
1109 2119 1281 2151 .......
1309 2070 1375 2147 sibi
1420 2073 1555 2150 samam

156 2212 380 2290 comparare
397 2194 532 2270 nititur,
561 2187 702 2270 Tamen
732 2193 899 2294 quaedam
916 2193 960 2271 ad
979 2187 1122 2269 Dnum¹
1156 2185 1287 2266 Vaut
1301 2209 1441 2268 ouon
1456 2213 1469 2265 1
1484 2211 1552 2266 um

155 2307 220 2384 ex'
247 2311 428 2386 annotatis
464 2308 556 2386 meis
598 2307 700 2396 misr,
741 2325 783 2388 ut
812 2308 837 2385 [ι
868 2336 887 2386 e
922 2335 962 2388 re
1003 2307 1073 2388 esse
1111 2311 1350 2386 autumaveris
1377 2329 1455 2382 non
1489 2306 1554 2382 sub

153 2446 272 2513 meo,
303 2423 363 2502 [εά
392 2427 456 2502 sub
482 2427 602 2503 alieno
626 2431 777 2506 nomine
803 2427 918 2518 edat;
949 2443 991 2506 ut
1023 2449 1143 2526 aequus
1172 2423 1287 2502 letior
1315 2421 1437 2502 uideat
1462 2423 1555 2523 quid

151 2540 206 2616 de
229 2546 385 2640 ingenio
412 2543 671 2636 Paeanem
697 2543 738 2622 stt
765 2545 974 2622 tenendum.
1019 2541 1165 2622 Dubito
1192 2555 1314 2632 autem
1341 2564 1387 2617 an
1414 2536 1455 2615 fit
1475 2539 1554 2617 edi·

153 2669 262 2736 turus
291 2683 332 2769 ea
364 2657 771 2750 Vaurouourus,
799 2677 963 2762 ut-pote
995 2665 1058 2766 qui
1092 2661 1398 2762 quam-maxime
1426 2655 1554 2734 dissua-

158 2775 227 2854 det
256 2773 549 2866 altercotionern,
588 2776 658 2856 slve
682 2781 798 2868 teilo,
818 2779 890 2857 srve
912 2799 1040 2881 aperto
1070 2781 1221 2860 nomine
1250 2799 1335 2858 curn
1362 2774 1555 2854 Pantu-
1601 2840 1615 2866 ,

132 2961 136 2966 .
160 2914 249 2970 aro
270 2895 543 2991 inchoandam,
568 2894 635 2974 nisi
655 2881 699 2977 δι’
718 2897 902 2976 bonorem
930 2901 968 2978 dc
1003 2899 1300 3004 tranquillitatem
1316 2919 1434 2974 meam
1452 2895 1554 2995 peri·
1639 2895 1644 2902 '

162 3009 280 3090 clitari
308 3013 427 3092 velint.
797 3035 799 3038 ’
1107 3055 1109 3060 ·

249 3126 404 3209 Pulchre
426 3129 575 3234 quidem
602 3149 756 3225 mones,
779 3148 821 3214 ut
843 3135 1035 3235 negotium
1067 3154 1242 3237 aquarum
1263 3133 1487 3210 currentium
1513 3133 1552 3206 in

167 3265 299 3324 manus
335 3247 472 3326 sumam
496 3270 506 3325 ε
530 3250 609 3338 [εά,
650 3251 699 3328 ob
732 3253 837 3353 supra
865 3263 1084 3330 memoratas
1110 3254 1294 3347 rationes,
1329 3275 1406 3328 non
1441 3247 1553 3326 video

161 3363 255 3464 quid
279 3389 338 3441 me
358 3391 406 3446 eo
434 3385 647 3468 permovere
686 3369 822 3468 poffit,
843 3367 900 3446 vel
925 3367 1081 3457 debeat,
1112 3369 1288 3448 obrutum
1306 3373 1346 3446 in
1378 3369 1454 3446 dies
1471 3362 1553 3440 lon·

162 3501 212 3580 ge
245 3476 389 3560 diversis
413 3486 600 3584 negotiis,
634 3489 767 3586 partim
786 3487 1040 3576 Academicis,
1066 3490 1197 3588 partim
1216 3486 1443 3570 domesticis,
1462 3476 1553 3558 aliis-

163 3619 268 3700 que:
296 3596 488 3701 prabsertim
512 3601 537 3678 li
558 3603 596 3680 id
616 3603 699 3682 sieri
723 3627 800 3684 non
827 3603 956 3708 poffit,
990 3603 1055 3682 nili
1075 3629 1214 3706 magno
1243 3604 1417 3702 temporis
1435 3599 1472 3674 sc
1496 3597 1553 3674 la·

163 3715 265 3794 boris
292 3716 509 3818 dispendio,
537 3720 595 3798 [εά
620 3745 729 3822 parra
760 3725 818 3802 vel
842 3723 944 3803 nulla¹
962 3722 1109 3826 prorsus
1132 3724 1194 3823 spe
1219 3718 1483 3803 emolumenti,
1511 3715 1550 3793 dt

163 3833 316 3918 modico
344 3835 542 3915 admodum
582 3838 683 3918 same
715 3859 955 3943 augmento:
997 3839 1369 3918 Gurccsumrur
1404 3832 1550 3914 libellos

164 3947 235 4028 hac
256 3951 304 4031 de
332 3978 372 4030 re
401 3955 553 4055 scriptos
582 3979 771 4062 nunquam
807 3983 880 4060 ego
911 3959 985 4035 vidi
1002 4009 1015 4054 ‚
1046 3957 1083 4033 dt
1115 3957 1161 4033 de
1193 3955 1377 4033 Prmur
1407 3966 1552 4032 contra·

164 4067 326 4147 didione
357 4073 448 4149 nihil
479 4075 635 4171 pariter,
659 4075 724 4152 nifi
752 4077 852 4177 quod
880 4079 917 4150 in
943 4065 1047 4150 Attis
1067 4063 1310 4182 Lipfiofibus
1329 4085 1440 4171 extat.
1501 4067 1551 4148 Ea

162 4183 287 4290 ltaque
312 4191 435 4268 omnia
460 4189 696 4272 examinandi
722 4195 829 4294 copia
849 4215 928 4298 ¹non
954 4193 1058 4270 datur
1084 4246 1132 4271 ..
1168 4253 1176 4270 .
1207 4243 1257 4270 ..
1297 4250 1333 4270 ..
1367 4250 1374 4267 .
1405 4250 1413 4266 .
1451 4241 1462 4264 .
1494 4239 1505 4262 ·
1536 4239 1549 4261 ·

965 4309 1007 4390 X
1027 4333 1054 4388 x
1106 4333 1124 4405 3
1217 4301 1228 4328 ³

157 4577 183 4660 ἱ
216 4463 322 4662 ςέμῐ)
355 4483 460 4563 1715·
477 4462 624 4568 April-P·
639 4463 785 4564 697³&
796 4468 934 4564 Journal
944 4467 996 4546 des
1008 4467 1155 4564 Sfavrm.
1173 4463 1232 4541 Ed.
1251 4463 1325 4540 rrol.
1340 4469 1420 4536 Mai.
1444 4467 1545 4552 1716.
