4166 5558
187 393 510 470 urrnnrrrr
531 401 604 469 rr
625 373 1041 490 nnrnouhnrr,
1066 397 1195 480 nerse·
1219 403 1430 482 dextrum.
1462 413 1528 496 aar

146 541 251 622 hello
269 545 455 622 neminem
483 544 568 622 citat
584 542 648 620 nist
671 545 740 623 Nn
755 567 863 622 wro
877 559 902 620 n
917 567 994 622 unt.
1017 544 1178 648 Scriptus
1201 549 1250 628 est
1270 551 1532 642 subobscure,
1557 569 1662 654 1716.

149 663 187 742 dt
212 685 299 739 cum
322 657 498 771 ad'usum
516 665 638 750 uenit,
662 662 879 764 suarumque
897 664 1028 738 artium
1052 662 1236 763 specimen
1256 668 1429 746 exhibere
1444 669 1533 766 vult,
1552 663 1631 756 Jun.

147 781 212 856 vix
244 778 355 859 habet
380 776 446 856 nili
474 781 546 878 jam
573 777 664 856 dieta
665 827 922 856 .......
931 833 933 838 ,
950 834 1450 862 ..............
1455 825 1485 861 -.
1525 841 1533 862 .
1717 775 1726 785 ’

205 1013 349 1093 Serram
376 1015 485 1090 etiam
503 1010 798 1114 Philosophicum
814 1037 914 1091 nunc
930 1035 1015 1091 cum
1041 1011 1300 1094 anrono
1322 1074 1331 1106 ,
1359 1019 1416 1094 vel
1435 1019 1538 1119 quod

146 1132 284 1210 eodem
306 1129 424 1219 redit,
452 1154 537 1208 cum
564 1133 641 1228 eius
671 1131 907 1230 Hyperaspita
937 1129 1173 1209 Cunnnto
1194 1129 1306 1233 Regis
1332 1131 1539 1235 Eleemosy-

147 1253 252 1327 nario
276 1273 337 1327 me
362 1249 589 1348 reciprocare
618 1246 760 1327 fortasse
780 1251 854 1345 jnrn
883 1248 1105 1340 intellexeris
1121 1243 1191 1352 (1).
1216 1246 1538 1328 Srisllnrnrunr

147 1368 186 1443 ἃ
202 1365 438 1444 Praefatorem
453 1359 516 1468 (a)
538 1389 641 1442 novae
657 1361 835 1444 Editionis
863 1359 1137 1470 Principioram
1156 1363 1316 1458 ann
1327 1392 1350 1444 o
1361 1391 1410 1443 nr
1428 1371 1537 1446 etiam

147 1481 423 1580 Philosophiam
445 1502 568 1564 meam
591 1505 755 1582 pungere
786 1481 947 1560 voluisse.
981 1479 1108 1583 Itaque
1136 1475 1342 1588 scripseram
1360 1507 1434 1584 ego
1456 1485 1538 1561 for*

148 1615 185 1676 te
216 1597 452 1681 Serenilsrutae
471 1597 630 1701 Principi
655 1597 779 1700 Regiae
802 1591 975 1688 Walliae,
1002 1623 1072 1700 pro
1091 1601 1286 1679 excellenti
1304 1602 1536 1699 ingeniosae

145 1715 277 1794 harum
309 1739 430 1794 rerum
458 1739 534 1793 non
567 1717 782 1804 incuriosae,
828 1717 1047 1814 degenerare
1076 1717 1247 1796 nonnihil
1277 1719 1380 1818 ¹apud
1407 1713 1540 1822 Anglos

144 1831 447 1932 Philosophiam,
488 1835 546 1910 rel
580 1836 704 1934 potius
741 1831 990 1931 Theologiam
1016 1833 1240 1912 Naturalem.
1286 1835 1535 1936 Locnrrurn

145 1952 184 2028 δι
213 1950 343 2028 similes
368 1951 529 2028 dubitare
550 1950 596 2030 de
612 1949 911 2030 immaterialitate
929 1953 1076 2039 anintae,
1105 1949 1298 2029 anro
1314 1977 1339 2028 n
1354 1977 1377 2028 u
1390 1974 1421 2028 n
1449 1952 1535 2030 Deo

147 2069 309 2146 tribuere
333 2065 550 2157 tentorium,
571 2066 678 2169 vquali
697 2068 810 2169 spatio
839 2083 1011 2170 tanquam
1034 2092 1176 2166 organo
1209 2067 1417 2148 sensationis
1441 2093 1538 2170 opus

146 2185 303 2282 habeatt
335 2184 423 2262 inde
454 2185 562 2262 alicui
584 2187 622 2261 in
656 2197 821 2264 mentem
856 2189 977 2261 venite
1004 2185 1137 2288 polle,
1170 2181 1266 2286 quali
1291 2211 1370 2264 non
1399 2185 1441 2264 fit
1473 2184 1539 2264 nill

148 2305 273 2380 anime
298 2301 429 2380 mundi
454 2301 652 2381 secuudum
674 2317 812 2382 veteres
837 2301 993 2379 Stoicos.
1042 2299 1224 2382 Eumdem
1239 2300 1435 2383 hudonem
1464 2301 1540 2382 Dei

145 2419 343 2519 Sapientior
359 2411 398 2494 dc
413 2418 693 2520 perfectionibus
727 2420 930 2518 derogare,
951 2418 1040 2498 dum
1053 2418 1142 2497 velit
1156 2416 1344 2498 Mundum
1373 2419 1440 2496 else
1458 2417 1540 2496 Ma·

145 2539 296 2616 chinum
318 2559 398 2612 non
419 2539 538 2615 minua
571 2536 815 2636 imperfettam
838 2558 947 2637 quam
972 2535 1167 2634 horologia
1192 2535 1400 2613 nostrorum
1426 2533 1538 2612 anili*

146 2675 258 2742 cum,
290 2677 370 2754 quae
396 2651 486 2752 sepe
507 2653 646 2730 tetendi
672 2652 824 2740 debent,
855 2667 917 2730 eut
950 2653 1035 2732 alias
1059 2654 1223 2751 corrigi3
1251 2655 1299 2730 ita
1327 2651 1540 2730 Machinam

149 2769 310 2858 Mundi,
334 2770 535 2847 secundum
558 2767 939 2848 an'ronurn&
963 2771 1117 2860 asseclas,
1143 2770 1367 2848 comestione
1382 2771 1541 2871 quadam

145 2885 434 2968 extraordinaria
471 2887 622 2967 subinde
656 2889 858 2988 indigere,
897 2891 999 2990 quod
1034 2913 1161 2990 parum
1195 2884 1236 2985 fit
1262 2885 1415 2988 dignum
1452 2885 1541 2966 Deo
1654 2883 1657 2892 ’

147 3007 318 3085 Audote.
366 3003 452 3082 Mea
474 3005 649 3086 sententia
670 3005 796 3086 Deum
816 3009 940 3084 omnia¹
953 3020 1027 3086 tam
1044 3007 1219 3108 sapienter
1233 3007 1277 3082 ab
1303 3009 1410 3082 initio
1437 3007 1542 3083 cons·

138 3122 306 3213 *tituilsm
332 3141 374 3202 ut
399 3123 625 3202 comestione
653 3149 732 3200 non
765 3121 808 3199 fit
839 3147 956 3223 opus,
987 3149 1068 3224 quae
1090 3123 1372 3222 imprudentiam
1401 3137 1538 3222 arguat.

150 3239 378 3326 Serenilhma
401 3238 573 3342 Princeps
604 3231 763 3322 Walltae
798 3255 970 3342 excerpta
985 3239 1103 3339 huius
1119 3238 1287 3340 Epistulae
1310 3235 1541 3320 Centauro

149 3353 452 3439 communicarit.
513 3357 546 3436 Is
570 3357 742 3462 scriptum
771 3357 897 3434 co'ntm
931 3353 1089 3455 Anglieo
1115 3358 1284 3435 sermone
1314 3353 1390 3459 ipsn
1409 3359 1536 3445 dedit,
1649 3415 1650 3420 Ν

149 3478 350 3580 quod-illa
380 3477 426 3554 ad
452 3499 513 3552 me
539 3474 661 3565 mifit,
684 3473 1117 3574 respondi,.replioavit;
1146 3474 1351 3576 duplicavi,
1378 3475 1540 3574 'triplica-

150 3598 227 3690 vit3
258 3619 332 3694 ego
373 3592 560 3670 noviffime
586 3592 880 3695 quadruplicans,
920 3591 981 3670 seu
1007 3595 1053 3670 ad
1086 3595 1236 3671 tertium
1260 3596 1335 3689 ejus
1359 3591 1540 3689 scriptum

148 3712 332 3812 respondi.
377 3711 488 3789 luter
512 3711 580 3788 alia
606 3713 791 3812 improbat
816 3709 1011 3788 formulam
1038 3709 1060 3788 a'
1082 3713 1197 3789 mein
1220 3703 1424 3784 Theodr'caea
1442 3707 1542 3784 usur-

149 3845 303 3931 patam,
335 3828 436 3928 quod
465 3826 567 3905 Deua
599 3826 642 3906 fit
673 3817 921 3932 intelligentia
940 3815 1280 3932 fiepramundana,
1313 3831 1486 3926 tanquam
1519 3847 1541 3904 a

149 3973 262 4034 mee
283 3947 410 4024 mundi
443 3947 706 4044 gubernatione
727 3946 949 4026 excludatur.
993 3941 1074 4042 Ego
1101 3941 1245 4046 quaestui
1270 3965 1315 4019 an
1338 3965 1428 4041 ergo
1455 3943 1543 4020 velit
1705 3957 1709 3968 ⁴

151 4063 277 4144 Deum
304 4064 396 4141 nihil
426 4063 526 4141 aliud
555 4061 758 4171 essequam
795 4049 1079 4162 Intelligendum
1106 4047 1349 4149 mundanam,
1380 4057 1441 4139 seu
1468 4062 1544 4138 ani·

634 4239 636 4244 ,
791 4227 796 4240 ·
865 4176 962 4256 Bbb
1027 4199 1044 4270 3
1088 4231 1091 4236 ,
1196 4229 1199 4236 -
1446 4199 1544 4254 mam

207 4337 225 4434 (
230 4334 267 4429 1)
292 4333 456 4414 Videatur
484 4322 602 4427 Rerudl
614 4337 652 4412 de
670 4333 804 4426 diverses
810 4339 908 4430 pie‘ces
918 4333 986 4425 fitr
1004 4334 1033 4406 lu
1051 4315 1260 4435 PPf'PsOPhl'ea
1279 4335 1310 4406 la
1329 4331 1466 4427 Religion
1487 4357 1544 4401 na-

153 4439 263 4512 turelle
285 4492 297 4526 ,
321 4439 492 4526 1ΓΗὲςῖοἱνι·
504 4491 517 4526 ,
534 4441 575 4510 les
602 4431 885 4529 Molematrques,
925 4429 995 4519 &a
1025 4451 1089 4528 por
1115 4439 1199 4508 Mrs.
1241 4435 1407 4509 Lnrrn
1425 4449 1478 4502 ιτ
1492 4449 1544 4514 Ζ,

153 4541 386 4626 Cinnae,
405 4539 527 4612 an
546 4557 649 4611 ron
672 4531 742 4624 &a
767 4531 871 4606 Amfl.
896 4551 1001 4620 1720.
1020 4537 1083 4604 η’.

205 4632 266 4729 (2)
289 4637 462 4734 hogerum
488 4639 591 4710 Cor
604 4655 625 4708 n
640 4655 678 4710 st
694 4655 718 4708 u
732 4655 763 4708 ru
799 4628 927 4726 l'rofeffi
944 4631 1131 4726 ‘carrralrip
