4166 5558
592 377 664 490 loe
861 398 1301 487 corruentium
1346 391 1784 477 tartaotrcuar.
2049 389 2050 472 r

593 623 1972 658 mnu—mmun-Q—-un-

821 771 1742 880 aarscocncw

645 1005 1067 1092 Laroutrrr
1132 1005 1223 1086 au
1281 969 1912 1092 uaeuouutrum

829 1210 1149 1390 Responfio
1190 1211 1261 1336 ad
1303 1178 1695 1388 penultimam.

584 1485 635 1554 De
658 1476 747 1572 ipius
775 1473 820 1564 ἓξ
845 1483 966 1572 Agnati
990 1477 1054 1564 eius
1079 1483 1111 1547 in
1138 1481 1317 1551 Societatem
1337 1475 1581 1550 londinensem
1607 1486 1787 1574 receptione.
1837 1443 1887 1556 oe
1904 1489 1967 1562 Cri.
2052 1476 2053 1562 l

645 1579 704 1651 ade·
732 1575 943 1685 differentialis
968 1571 1108 1680 historia.
1142 1585 1193 1652 De
1214 1573 1421 1750 Lpfflithmis
1448 1583 1664 1656 Nmneronun
1684 1585 1911 1696 negatiuortun,
2052 1591 2053 1598 ’

586 1987 590 1995 Ι
637 1849 641 1857 ’
689 1868 760 1954 Vir
791 1867 1047 1956 Nobiliffime
1076 1870 1115 1966 dt
1142 1867 1443 2068 Celesllterripne,
1472 1869 1622 1960 Fautor
1647 1875 1840 1964 Honora-

1193 2005 1225 2078 tl
1259 2013 1363 2072 lme.

476 2245 516 2306 ,·
703 2208 961 2289 Rneucoa
995 2208 1079 2286 Tibi
1107 2213 1358 2318 receptionem
1386 2213 1424 2284 in
1459 2209 1679 2288 Societatem
1709 2210 1860 2312 Regiam
1884 2205 1959 2288 Aee-

498 2344 539 2432 ·,
708 2327 917 2432 glicanam,
945 2326 1002 2402 uel
1030 2331 1153 2428 potius
1187 2327 1349 2426 gratulor
1384 2327 1554 2412 Societati
1581 2385 1591 2415 ,
1621 2333 1682 2404 cui
1708 2342 1957 2406 ornamentum

584 2437 696 2516 addis.
729 2443 849 2542 Magis
881 2443 930 2519 est
961 2467 1025 2521 cur
1045 2445 1203 2541 gratuler
1232 2445 1330 2520 ltunc
1353 2443 1536 2521 honorem
1564 2442 1649 2522 Tuo
1674 2471 1722 2523 ex
1747 2445 1865 2524 Fratre
1892 2445 1961 2522 No

579 2557 684 2656 poti3
721 2562 808 2638 huic
832 2566 931 2638 enim
960 2583 1036 2637 non
1061 2578 1204 2639 tanturn
1230 2563 1365 2646 decus,
1394 2560 1455 2637 sed
1490 2563 1600 2640 etiam
1630 2563 1873 2640 audoritatem
1904 2561 1960 2638 ad-

578 2671 642 2751 det
679 2680 777 2780 apud
816 2673 1258 2756 CuratoresPatetoinor.
1321 2677 1435 2778 Spero
1473 2701 1561 2754 eum
1596 2680 1635 2758 in
1670 2672 1832 2756 Batavis
1865 2681 1959 2775 cogi

578 2789 662 2867 calle
707 2795 892 2872 non-nihil
929 2795 974 2871 de
1010 2800 1111 2896 pratri
1139 2795 1332 2874 flustriuurn
1364 2795 1625 2894 regendorum.
1696 2797 1794 2875 Nam
1838 2810 1879 2872 ut
1916 2816 1958 2868 err

577 2904 669 2986 Dno
697 2911 987 2990 Haannuuo
1015 2913 1205 3012 intelligo,
1241 2916 1462 3014 competitor
1492 2913 1643 3014 quidam
1680 2915 1775 3016 apud
1802 2907 1956 2988 Pataui-

574 3047 636 3099 nos
660 3030 734 3108 hoc
749 3054 830 3122 uno
853 3029 887 3106 se
918 3028 1023 3128 jaciat
1049 3030 1279 3130 potillnnum.
1330 3017 1332 3022 ¹

662 3137 768 3226 Dm'rs
796 3147 1096 3230 Newtouus
1129 3151 1260 3224 merito
1291 3145 1347 3224 Te
1375 3143 1440 3221 fibi
1464 3146 1686 3246 obstringere
1707 3147 1844 3224 uoluit:
1873 3143 1955 3239 Qua

575 3261 615 3335 ln
646 3263 752 3363 ipsius
776 3261 976 3374 Principiis
1000 3267 1180 3373 notaveris
1214 3270 1252 3342 in
1279 3255 1382 3344 Attis
1412 3265 1534 3348 videte
1570 3281 1714 3363 gratum
1739 3267 1814 3340 eric

662 3381 766 3466 Coc
782 3408 981 3462 arastus
1013 3385 1105 3460 obiit
1131 3383 1274 3482 quaeso,
1305 3397 1499 3482 antequam
1527 3379 1695 3462 Calculus
1721 3375 1955 3458 differentialis

436 3587 439 3594 ,
574 3499 852 3597 innotesceret;
890 3501 952 3578 sed
989 3500 1050 3576 ille
1087 3523 1172 3576 cunt
1207 3499 1631 3588 Quaesturam,
1666 3495 1949 3579 Wucursto,

573 3613 864 3713 Naturane,
908 3643 1000 3706 me,
1043 3616 1189 3718 aliisque
1238 3621 1504 3695 commercium
1546 3616 1696 3716 aliquod
1745 3615 1952 3692 litterarium

572 3737 766 3815 exercebat
791 3743 829 3815 in
854 3737 960 3814 rebus
986 3734 1244 3820 arithmeticis,
1274 3737 1532 3830 geometricis,
1551 3733 1745 3833 analyticis.
1788 3731 1890 3824 Quid
1906 3732 1952 3804 in·

573 3849 620 3926 de
648 3847 801 3936 elicit'uri
838 3852 904 3930 lint
942 3854 987 3929 ad
1020 3852 1150 3928 natales
1181 3873 1286 3930 nouae
1315 3849 1509 3952 Analyleos
1541 3847 1757 3952 Anglicaaos
1785 3847 1954 3924 stabiliet·

575 3967 661 4055 dos,
696 3973 901 4070 apparebit,
937 3971 1000 4048 ubi
1041 3967 1219 4069 prodierit
1262 3965 1337 4044 hoc
1370 3966 1659 4044 Commerciurn.
1720 3963 1801 4066 Ego
1840 3963 1953 4040 nescio

573 4097 696 4165 utrum
740 4103 822 4164 ante
859 4087 916 4168 Te
955 4087 1021 4166 fim
1058 4085 1340 4187 conspecturus,
1389 4109 1475 4162 cum
1520 4101 1593 4162 tam
1632 4081 1746 4182 longe
1791 4081 1900 4160 abfim
1937 4099 1953 4150 a

572 4199 699 4282 domo.
1481 4208 1493 4218 “

657 4317 799 4396 Vereor
828 4332 869 4393 ut
894 4317 1151 4402 Nacoatus
1178 4319 1390 4420 Cycloidis,
1426 4313 1662 4395 Lelantus
1690 4313 1951 4414 Tetragonilrni
2047 4309 2051 4318 '

567 4437 753 4520 circularis
794 4437 933 4519 bonam
989 4438 1076 4520 dent
1130 4435 1362 4528 Historiam,
1407 4435 1471 4513 nist
1504 4435 1698 4532 nobiscum
1751 4431 1947 4511 conmuni-

561 4569 689 4665 cett¹
1661 4585 1669 4598 ·

557 4672 560 4680 ’
595 4665 603 4676 '
753 4683 762 4702 ⁸
1805 4669 1942 4758 Conce-
