4200 5564
565 431 645 520 ἰφ
807 418 1264 508 contritorum
1318 389 1793 494 irrrrorrouu.
1861 439 1919 476 ·-

396 609 501 686 5705·
567 583 646 648 ras,
678 541 820 632 animus
849 554 904 635 Cl.
938 551 1169 632 Vorunnr
1200 573 1289 654 erga
1319 551 1374 631 Te
1401 551 1480 630 fuit.
1514 549 1585 630 Sed
1609 577 1765 654 vereor,
1793 577 1841 634 ne
1863 555 1968 638 idem'

393 695 517 770 ogob,
569 680 609 754 in
633 673 777 754 alterius
806 676 956 773 gratiam
982 667 1023 748 fit
1046 670 1208 752 initurus.

557 807 563 820 ’
629 791 770 871 Mirum
797 792 846 869 est
875 797 914 869 in
961 783 1165 868 Gmnania
1187 789 1305 868 nostra
1332 791 1396 868 virt
1422 811 1646 892 quemquam
1674 792 1731 869 vel
1756 793 1907 894 paulurn
1922 797 1968 870 in

570 911 691 990 nostra
727 908 870 1010 Analyfi
898 908 1084 1012 profitere.
1127 907 1278 1010 Juvenis
1308 907 1369 984 ille
1400 897 1576 998 suevus,
1619 912 1683 1010 qui
1712 933 1771 987 me
1801 903 1981 988 Berolini'

573 1029 758 1118 salutavit,
785 1025 873 1106 Tibi
901 1049 1049 1128 quoque
1080 1049 1156 1104 non
1189 1026 1338 1126 ignotus
1373 1025 1389 1120 [
1406 1023 1658 1125 Jnurcnro
1689 1049 1827 1106 nomen
1861 1044 1963 1118 erat,

573 1149 614 1222 ni
641 1137 800 1254 fallor]‚
828 1168 952 1222 curam
983 1143 1139 1244 aliquam
1154 1144 1271 1242 'hujus
1297 1141 1451 1221 scientiar
1478 1141 1609 1221 habere
1635 1143 1845 1243 videbatur,
1863 1171 1973 1247 mag-

574 1261 644 1340 nos
677 1275 797 1340 tamen
838 1257 1043 1362 progressus
1076 1260 1194 1340 facille
1238 1283 1314 1338 non
1348 1253 1545 1338 'videbatur
1607 1259 1742 1340 Nescio
1771 1287 1817 1342 an
1842 1266 1982 1343 multo·

574 1383 729 1478 majores
768 1368 972 1481 progrellus
996 1378 1122 1456 fecerit
1149 1375 1256 1458 Dnus
1277 1377 1550 1467 Wouurus,
1582 1383 1648 1480 qui
1681 1371 1815 1490 Lipstae
1848 1381 1983 1460 differ-·

575 1501 752 1576 tationem
785 1494 831 1575 de
859 1497 982 1576 nostro
1014 1493 1166 1574 Calculo
1197 1496 1319 1573 edidit
1364 1491 1475 1574 Hunc
1498 1509 1620 1574 tamen
1647 1497 1860 1576 crediderim
1886 1500 1975 1584 lon-

577 1617 659 1714 gius
694 1609 961 1715 progrelsurum
984 1638 997 1708 ;
1024 1618 1107 1716 quia
1140 1615 1270 1716 prior,
1302 1615 1341 1690 ni
1374 1611 1512 1702 fallor,
1545 1613 1579 1691 se
1611 1617 1714 1716 praxi
1744 1615 1986 1719 potrffimum

578 1733 693 1811 dabat.

636 1846 807 1928 Medicus
836 1835 967 1924 Sontas
989 1847 1117 1926 dolius
1142 1846 1187 1925 ad
1213 1869 1273 1924 me
1299 1847 1419 1926 attulit
1451 1847 1695 1928 Cunnum
1720 1848 1872 1928 Librum
1900 1873 1987 1950 pro

578 1970 729 2044 veritate
756 1963 960 2065 Religionis
980 1989 1027 2041 ex
1047 1981 1197 2056 natura,
1232 1967 1269 2043 ἁ
1293 1964 1449 2064 eiusdem
1471 1963 1744 2064 responsronem
1774 1969 1819 2045 ad
1847 1965 1927 2044 Mo
1943 1993 1979 2042 r-

485 2181 488 2190 λ
578 2105 759 2160 vnnunr.
811 2081 999 2164 Neutrum
1019 2081 1225 2180 expendere
1258 2086 1406 2160 vacavit.
1437 2081 1562 2182 Spero.
1587 2085 1737 2164 meliora
1766 2109 1835 2187 pro
1867 2082 1987 2164 nern-

578 2204 717 2301 gione‚
751 2223 860 2301 quam
886 2199 932 2277 de
958 2197 1099 2298 Analysr
1125 2197 1293 2278 attuliile..
1368 2301 1371 2310 Δ

434 2304 439 2322 ’
646 2317 781 2396 Nescio
813 2317 909 2396 unde
933 2317 1072 2415 judices
1101 2340 1218 2394 meam
1248 2315 1475 2394 Methodum
1505 2341 1621 2398 curvae
1653 2319 1742 2398 datae
1771 2320 1988 2398 exhibendi*

335 2513 341 2522 ,
434 2449 445 2518 s
579 2435 736 2516 infinitas
768 2431 921 2534 aequales
949 2433 1127 2534 perplexo
1163 2431 1363 2512 admodum
1395 2434 1538 2515 calculo
1563 2437 1746 2536 indigere..
1794 2438 1832 2514 Si
1856 2463 1903 2516 ex
1928 2463 1990 2518 eo·-

423 2571 428 2578 ’
580 2553 687 2660 quod·
711 2549 898 2659 calculum*
927 2575 1004 2626 non
1030 2549 1208 2650 aggrellus
1236 2551 1340 2644 sum3
1363 2551 1510 2628 adhibes
1531 2578 1609 2630 non
1631 2555 1773 2648 causam
1802 2541 1988 2656 pro'caue

578 2673 612 2750 sa
639 2669 839 2750 omissionis
873 2693 980 2746 meae..
1027 2665 1127 2767 Saepe
1163 2672 1261 2746 enim
1290 2673 1398 2744 etiam
1433 2669 1602 2749 facillima
1625 2672 1802 2767 declino,
1831 2676 1914 2774 quia
1938 2675 1988 2751 in:

578 2789 649 2866 hac
667 2786 902 2864 multitudine
925 2807 1150 2887 eorumquae
1179 2787 1421 2884 adhuc-agere
1445 2786 1597 2878 vellem,
1623 2787 1813 2866 neceffaria
1835 2791 1992 2889 prufen-

579 2905 782 2982 ridebunt.
834 2902 1122 2982 Construtlionis
1145 2901 1233 2978 Tuae
1253 2927 1317 3002 per
1342 2914 1486 2978 motum
1512 2907 1719 3004 repturium
1744 2905 1890 2984 nullum
1908 2909 1981 2986 ad-

400 3033 405 3045 ‘
456 3095 465 3118 <
580 3019 714 3098 duxisti
736 3017 948 3120 exemplum
959 3045 978 3114 3.
1002 3043 1073 3096 nec
1098 3013 1217 3096 minus
1241 3041 1350 3118 quam
1373 3041 1445 3117 ego
1471 3022 1510 3096 iu
1532 3023 1764 3120 generalibus
1793 3021 1947 3102 mansisti
1968 3051 1987 3102 :·

582 3137 687 3238 quod
711 3160 770 3214 me
797 3142 916 3214 minus
944 3151 1136 3239 promtum·
1163 3135 1309 3213 adrem
1335 3137 1504 3212 attentius
1532 3137 1831 3218 considerandam
1855 3142 1989 3218 reddi.-

581 3251 645 3330 dit.
679 3251 741 3330 De
770 3251 860 3334 Dno
888 3254 1105 3334 Cnnroro
1136 3257 1269 3330 merito
1302 3274 1560 3342 monesanon
1583 3255 1803 3347 satisfecilse,
1825 3255 1886 3336 etii
1911 3259 1990 3338 aii-

582 3371 671 3476 quid
693 3371 819 3448 fecerit
834 3424 846 3470 ,
864 3374 1093 3473 nimiumque
1119 3367 1299 3470 aggressus
1320 3367 1371 3446 fit.

592 3588 596 3598 „
640 3485 737 3567 Puto
763 3491 871 3564 etiam
901 3510 997 3564 meas
1030 3489 1169 3586 priores
1200 3487 1370 3566 Domino
1396 3480 1687 3597 Hu'nrrnnno
1719 3489 1906 3589 redditas,
1940 3497 1989 3572 in

583 3606 716 3710 quibus
742 3609 777 3682 ei
799 3599 1144 3682 demonstrationem
1178 3603 1279 3694 mili,
1308 3603 1409 3706 quod
1436 3629 1566 3683 omnes
1581 3603 1697 3686 Series
1731 3605 1992 3691 Arithmeticae

583 3750 662 3804 non
693 3738 857 3812 tantum,
885 3719 945 3799 sed
974 3723 1278 3820 &potentiarum
1311 3721 1354 3798 ab
1378 3721 1647 3813 Arithnreticis‚
1675 3725 1982 3805 &conflaturum

584 3865 632 3920 ex
654 3834 711 3922 his
734 3843 973 3946 quantitatum
1007 3838 1163 3917 habeant
1196 3838 1385 3920 columnas
1411 3839 1641 3940 periodicas,
1668 3839 1694 3917 fi
1730 3841 1882 3944 dyadice
1915 3869 1992 3924 ex·-

613 3961 794 4037 rimantur.
1658 3967 1670 3978 '

584 3979 610 4186 ὲ
647 4067 775 4172 Nuper
802 4078 901 4176 l'egi,
935 4081 975 4155 in
1001 4067 1106 4154 Adii?
1139 4066 1350 4152 Academia
1379 4063 1502 4176 Regi'ae
1531 4065 1807 4174 Sciendum,
1846 4076 1993 4155 dubios

588 4187 714 4270 adhuc.
735 4189 802 4266 effe
830 4193 877 4270 de
898 4191 990 4275 Tuo.
1020 4190 1223 4298 Phosphori
1259 4191 1494 4276 Barometrici
1523 4197 1775 4294 experimento
1802 4213 1817 4285 ς
1856 4207 1991 4271 utrumv

1739 4347 1741 4352 ·
1828 4309 1992 4414 quando·
