4166 5558
195 345 1049 488 turturinumtrinovium,
1072 395 1196 472 Emer.
1221 394 1409 470 ccu11.
1442 411 1509 484 313

211 535 457 646 Anglicanum
489 539 654 621 libellum
680 541 770 618 misti
802 541 1012 642 oppositum
1043 540 1210 618 nondum
1241 541 1339 632 vidi;
1370 559 1511 614 meren·
1529 563 1633 639 1713,

114 674 184 738 tur
211 659 281 740 illae
304 657 438 744 insulsae
467 660 642 747 rationes,
677 683 763 759 quas
788 659 906 738 afferri
935 681 985 735 ex
1017 657 1107 736 Tuis
1140 661 1334 755 conjicio,
1365 655 1433 732 sale
1461 647 1602 746 n-Jui.

115 779 243 877 tyrico
285 774 459 851 defricati.
503 772 675 852 Poterant
701 775 738 852 N
750 797 1008 853 nwrouunr
1034 778 1138 852 suum
1173 779 1211 872 in
1235 769 1505 876 compossesso-

116 916 170 970 ue
201 893 340 970 inventi
377 889 519 972 Calculi
543 892 775 982 conservare,
807 893 866 970 sed
896 906 1046 994 apparet
1067 916 1144 970 uon
1170 895 1283 990 magis
1307 915 1390 994 eum
1418 911 1509 986 cog-

115 1006 260 1086 novisse
290 1006 480 1088 Calculum
508 1010 696 1099 nostrum,
739 1033 850 1112 quam
879 1009 1196 1090 Aaocnoutus
1222 1011 1400 1105 cognouit
1431 1005 1509 1084 cal·

116 1126 251 1204 culum
277 1122 460 1206 viane
493 1126 532 1202 δι
552 1127 807 1210 Cantusrr
837 1125 1046 1228 speciosum.
1098 1124 1296 1210 Fluxiouer
1315 1125 1503 1224 cognouit,

118 1267 214 1320 non·
229 1240 422 1322 Calculum
449 1241 681 1332 fluxionum,
712 1269 821 1345 quem
845 1245 1020 1333 demum,
1046 1256 1086 1322 ut
1114 1243 1216 1322 reete*
1231 1243 1395 1338 judicas,
1419 1239 1508 1319 nol·

119 1375 183 1438 tro
209 1362 283 1455 iam
309 1359 414 1436 edito
444 1349 628 1442 conflavit.
676 1359 803 1462 ltaque
835 1362 916 1462 plur
943 1363 1040 1460 justo
1074 1364 1110 1438 ei
1146 1361 1292 1441 attribui
1320 1359 1433 1460 ipse,
1470 1355 1508 1434 bc

120 1477 359 1556 humanitatis
395 1497 484 1553 mrae
510 1479 584 1559 hoc
618 1482 774 1578 pretium
807 1479 897 1560 fero,

210 1593 345 1672 Scribit
369 1592 461 1672 mihi
484 1593 670 1678 Dominus
696 1597 856 1693 Aguntur
881 1608 986 1684 tuus,
1016 1598 1056 1671 in
1081 1593 1291 1674 recensione
1317 1585 1502 1702 Lipfietfi.

118 1710 170 1787 de
201 1733 272 1812 qua
305 1725 541 1812 queruntur,
585 1711 687 1794 valde
732 1713 849 1789 attolli
889 1711 1310 1792 Tscurnnrrrusu
1348 1715 1501 1794 inventa.

121 1823 204 1926 Ego
238 1849 314 1904 non
340 1827 436 1902 bene
464 1832 642 1925 memini,
662 1827 727 1906 sed
753 1825 780 1904 fi
805 1831 855 1910 ita
877 1827 954 1918 err,
981 1827 1089 1906 saeue
1106 1829 1243 1928 judicas
1269 1828 1369 1906 illam
1386 1823 1507 1908 Nem.

117 1943 264 2019 turriani
286 1943 367 2019 libri
398 1944 641 2022 recensionem
671 1967 749 2024 non
782 1942 851 2022 esse
878 1967 898 2022 a
930 1969 1015 2039 me3
1050 1970 1125 2044 ego
1162 1947 1260 2020 enim
1294 1959 1369 2041 tarn
1406 1971 1507 2046 mag.

118 2061 231 2142 nifica
260 2057 514 2146 brudeum
545 2061 1010 2156 Tacuinuurusio,
1050 2077 1090 2142 ut
1108 2063 1190 2152 scis,
1216 2084 1293 2140 non
1316 2065 1507 2166 promitte-

119 2178 221 2258 barm

181 2295 257 2374 Ubi
290 2297 446 2376 domum
485 2296 641 2375 reversus
670 2298 774 2376 suero
806 2297 1027 2387 ,Kururr
1057 2294 1344 2376 dissertationem
1366 2299 1509 2375 manus-

120 2415 278 2512 criptam
304 2415 399 2490 mihi
437 2413 576 2496 millam
615 2414 841 2515 inspiciam,
878 2440 988 2518 quam
1022 2437 1095 2514 ego
1127 2427 1170 2489 ut
1197 2437 1263 2513 par
1294 2413 1345 2488 est
1380 2415 1505 2512 sprevi.

122 2523 309 2617 Volebat,
329 2529 471 2620 credo,
498 2532 560 2614 ille
580 2545 622 2608 ut
639 2530 764 2610 serram
799 2553 884 2608 curn
910 2529 1289 2633 ipso'reciprocarem.
1347 2525 1511 2629 Respon-

118 2641 158 2720 di
187 2644 396 2746 impliciter
424 2648 469 2726 ad
503 2652 683 2744 amicum,
708 2648 898 2730 hominem
924 2671 1064 2726 novum
1100 2647 1137 2722 &
1167 2669 1297 2746 parum
1332 2645 1508 2723 versatum

122 2764 159 2836 in
185 2761 341 2840 Historia
374 2765 605 2843 inventorum
632 2769 876 2852 anteriorum.
911 2765 1049 2842 somnia
1078 2761 1143 2842 sibi
1169 2759 1406 2860 lingere„de
1426 2785 1508 2838 mo·
1628 2801 1632 2808 ·

119 2877 172 2956 do
194 2903 270 2981 quo
302 2902 363 2956 me
405 2903 485 2960 mea
510 2875 719 2982 cognouisse
755 2895 866 2984 putat
929 2879 1028 2982 Juslu
1065 2894 1185 2958 antem
1216 2877 1506 2984 Societatiehaa

121 3015 235 3096 nugas
269 2997 315 3074 ad
341 2997 540 3079 mamillas
563 3011 836 3104 non'poteram
867 2998 1061 3102 suspicari,
1094 2996 1156 3076 etsr
1182 2995 1315 3076 miserit
1348 2994 1407 3073 Su
1423 3018 1447 3072 o
1463 3019 1507 3074 r·
1546 3081 1551 3086 ,

124 3137 248 3193 urus.

205 3227 323 3310 Nunc
358 3233 518 3334 primum
555 3235 663 3312 audio
691 3232 965 3312 Gnaeonro
992 3230 1137 3308 attribui
1160 3253 1283 3308 meum
1312 3231 1504 3310 inventum
1607 3257 1610 3262 ·

122 3349 383 3444 magnitudinis
410 3348 572 3428 Circuli:
602 3349 870 3428 Hueaurus
905 3349 942 3424 &
974 3369 1124 3446 quoque
1163 3347 1222 3423 alii
1252 3339 1406 3449 Parifiir
1436 3345 1503 3423 tes·
1533 3328 1545 3354 ⁴

122 3473 173 3538 tes
205 3463 287 3544 sunt
321 3467 542 3544 inuentionis
576 3490 700 3554 meaa,
741 3467 780 3542 ἃ
819 3465 925 3542 modi
963 3487 1038 3564 quo
1080 3463 1214 3542 inveni.
1275 3459 1502 3542 Hunrurr

121 3575 187 3655 hac
222 3579 269 3658 de
290 3607 331 3662 re
352 3583 485 3662 litteras
510 3583 630 3660 adhuc
657 3585 752 3659 inter
778 3581 923 3660 schedas
951 3604 1048 3659 meas
1076 3577 1147 3660 esse
1169 3595 1270 3682 puto.
1323 3578 1426 3670 Quin
1447 3577 1503 3676 ip.

122 3693 154 3770 se
178 3696 477 3776 Nuwrouus
513 3704 703 3778 inventum
728 3723 852 3779 orcum
882 3695 1268 3780 Onouuauacro
1293 3710 1501 3771 tunccom·

122 3817 342 3894 municatum
374 3817 413 3890 in
433 3817 559 3896 litteris
583 3817 652 3895 suia
677 3815 858 3906 laudauit,
888 3814 1114 3912 modumque
1141 3809 1348 3888 inveniendi
1378 3833 1503 3887 meum

121 3925 332 4028 singularem
360 3929 428 4013 esse
445 3931 546 4012 fassus
571 3937 631 4014 est.
675 3933 871 4032 lgnorabat
894 3955 983 4033 ergo
1010 3947 1100 4006 tunc
1117 3929 1367 4006 inventionem
1383 3925 1502 4005 Gru·

122 4066 273 4124 nourr.

176 4163 266 4241 Satis
290 4180 441 4269 apparet
467 4165 781 4246 Nuwronunr
814 4163 852 4242 id
888 4159 997 4260 egisse
1026 4161 1096 4239 suis
1124 4161 1336 4252 blanditiis,
1370 4181 1412 4242 ut
1439 4167 1501 4243 be-

120 4281 364 4362 nerolentiam
398 4281 515 4362 Tuam
538 4297 719 4386 captaret3
750 4279 937 4360 conscium
959 4276 1024 4355 fibi
1051 4301 1162 4381 quam
1189 4303 1266 4358 non
1291 4279 1389 4359 resto
1410 4281 1501 4392 sient

121 4395 192 4472 talo
223 4422 303 4497 quae
325 4401 472 4480 molitus
502 4401 562 4479 est
605 4397 685 4497 Ego
715 4397 855 4478 tametsi
890 4395 1040 4485 nolim,
1079 4411 1120 4474 ut
1159 4399 1197 4472 in
1238 4401 1312 4473 mei
1347 4403 1500 4495 gratiam

122 4505 205 4591 Tibi
231 4521 423 4616 negotium
448 4515 616 4607 feceras,
646 4515 799 4623 expeslo
830 4531 952 4597 tamen
982 4517 1026 4594 ab
1051 4517 1218 4622 aequitate
1242 4513 1322 4592 Tua
1354 4515 1390 4588 ἃ
1416 4537 1501 4588 cau-

215 4619 312 4742 Tomi
342 4629 402 4718 ll
903 4628 969 4714 Rc
1374 4627 1494 4720 dure,
1617 4621 1625 4638 ⁴
