4166 5558
189 351 514 432 carsurrrr
535 348 605 420 rr
628 325 1023 455 eranourrrr,
1051 337 1209 458 Elarsr.
1240 341 1433 428 ccxlllt.
1496 359 1566 439 345

137 521 299 576 omues
321 491 420 582 AR,
443 489 529 577 AS,
560 489 628 568 &c
660 489 853 568 minimum
875 486 1134 602 longitudine.
1171 485 1281 569 Aliud
1303 490 1492 570 Problema
1506 493 1563 604 fo·
1579 563 1644 639 ¹7¹
1687 573 1689 578 ,

135 629 245 714 ret,
276 615 340 694 sed
374 605 590 688 difficilius:
621 603 753 686 lisdern
780 603 934 709 positis,
970 608 1210 686 determinare
1240 605 1388 714 Elliplin
1415 607 1555 699 ΑΒΕ,
1578 565 1740 730 pebssffi
1801 672 1805 684 .

138 757 201 812 cu
212 739 274 834 jus
291 753 391 810 arcus
410 726 518 808 Alsa
541 727 643 826 gravi
669 749 718 802 ex
743 723 774 804 A
792 723 1033 806 descendente
1055 726 1260 807 breriilimo
1284 741 1452 831 tempore
1477 753 1558 831 per·

139 865 337 929 curratur.
396 843 619 946 Huiusmodi
639 844 751 921 multa
768 844 837 922 alia
854 843 952 940 sunt,
976 869 1056 946 quae
1081 844 1206 950 Anglis
1228 847 1324 925 forte
1336 847 1418 948 plus
1442 869 1558 948 nego-

138 971 195 1046 tii
228 963 430 1054 faeeffent,
460 987 571 1067 quam
604 959 670 1038 fibi
688 963 804 1040 statim
832 964 1137 1062 imagioabuntur.
1202 961 1259 1044 Ex
1283 989 1414 1044 eorum
1429 985 1558 1044 nuore-

139 1111 231 1178 ro,
264 1108 346 1189 quae
374 1081 590 1182 {iugularem
618 1078 886 1158 differentiandi
913 1081 1175 1182 &integrandi
1204 1076 1556 1198 methodur'ntdqui„

143 1219 274 1295 runt,
301 1206 409 1283 etiam
436 1202 511 1279 lroc
540 1198 649 1289 ellet,
682 1200 744 1277 ubi
769 1202 906 1300 petitur
927 1200 1333 1303 nroduscomplanandi
1350 1199 1553 1301 superficies

142 1321 362 1402 conoideas
387 1307 582 1422 obliquas,
605 1301 828 1420 itelquasvis
857 1321 942 1395 alias
965 1318 1063 1398 datas
1089 1317 1291 1420 superficies
1318 1341 1472 1410 curras,
1489 1315 1574 1396 etsr'

142 1465 241 1520 non
271 1437 481 1523 conoideas·
522 1435 696 1542 Intelligo
717 1461 783 1540 per
797 1434 1019 1538 superficiem
1034 1461 1179 1516 curvam
1191 1436 1334 1526 datam,
1361 1439 1465 1536 ctrjus
1484 1433 1553 1516 lin'·

145 1560 252 1659 gula
285 1558 415 1658 puncta
443 1558 729 1634 determinantur
750 1545 834 1662 (fic
864 1569 905 1634 ut
927 1556 1029 1633 lineae
1052 1579 1170 1634 curvae
1201 1556 1283 1634 data
1301 1549 1457 1656 punita)
1486 1579 1552 1658 per

149 1680 349 1756 ordinatas
378 1687 448 1751 tres
472 1698 532 1770 x,
548 1699 608 1782 y,
634 1697 682 1761 z,
710 1696 861 1774 quarum
886 1674 1015 1750 relatio
1034 1675 1115 1752 data
1141 1675 1343 1774 aequatione
1369 1675 1552 1774 exprime·
1708 1733 1712 1743 ,

146 1809 284 1872 retur:
309 1791 389 1868 sunt
415 1803 537 1868 autem
564 1805 635 1868 tres
661 1788 731 1866 illae
748 1789 998 1887 coordinata,
1018 1792 1109 1868 nihil
1129 1792 1227 1870 aliud
1255 1813 1366 1892 quarn
1389 1803 1460 1868 tres
1475 1815 1551 1872 rec·

149 1923 204 1990 tae
231 1934 280 1988 ex
295 1910 463 2012 quolibet
489 1905 687 2008 superficiei
711 1929 827 1985 curvae
847 1909 985 2006 pundo
1002 1907 1345 2010 perpendiculariter
1369 1911 1481 1990 dueta
1510 1913 1552 1992 in

147 2032 225 2108 tria
251 2029 358 2128 plana
389 2023 571 2127 politione
595 2024 701 2118 data,
725 2025 764 2102 dt
788 2024 823 2102 se
854 2038 987 2104 mutuo
1012 2027 1057 2103 ad
1078 2025 1233 2128 angulos
1248 2027 1361 2106 renos
1381 2030 1545 2110 secantia.
1689 2082 1693 2088 .

148 2145 213 2224 Sit
233 2147 392 2246 aequatio
413 2148 508 2222 inter
535 2141 791 2232 coordinatus,
819 2143 980 2245 exempli
1005 2149 1147 2244 gratia,
1183 2143 1261 2224 haec
1284 2143 1546 2250 xpz=a³3

151 2267 335 2366 quaeritur
364 2262 472 2362 hujus
505 2257 704 2362 superficiei
736 2256 936 2351 dimensso,
958 2264 1017 2342 vel
1042 2263 1166 2341 saltem
1198 2262 1361 2344 reductio
1386 2267 1436 2346 ad'
1456 2267 1547 2369 figu-

151 2405 246 2460 ranax
266 2377 599 2482 aliquamplaoanr.
662 2376 779 2471 Quod
802 2380 930 2456 attinet
956 2379 1001 2457 ad
1030 2378 1200 2460 Soliduru
1226 2381 1344 2482 ipsum
1368 2387 1463 2462 inter
1491 2385 1547 2463 su-

147 2497 345 2602 perficiem
373 2491 493 2575 datam
511 2497 548 2572 &
569 2494 679 2597 plana
698 2491 878 2597 positione
903 2496 984 2576 data
1012 2498 1337 2598 comprehensum,
1371 2505 1446 2600 ejus
1467 2506 1546 2605 qui-

151 2615 243 2694 dem
267 2611 444 2692 dimenfio
472 2614 612 2692 facilius
632 2613 784 2693 habetur
802 2635 913 2715 quam
937 2613 1161 2718 superficiei,
1188 2638 1267 2693 nou
1293 2631 1415 2698 tamen
1442 2621 1546 2698 omni

149 2731 367 2836 difficultate
385 2743 494 2814 caret.
515 2728 609 2838 Vale
627 2782 1143 2816 ....................
1168 2755 1177 2774 ·
1197 2786 1323 2816 ,,,,,
1331 2843 1336 2850 .
1347 2787 1543 2818 ,,,,,,,

256 2943 375 3048 Bastiae
389 2949 424 3026 6.
457 2920 751 3040 Februu.r715.

632 3135 1055 3282 Amplitudinijt‘l'uae
1076 3141 1368 3236 Devotissimo.

977 3366 1010 3472 l
1055 3365 1372 3453 Bennouurr
