4134 5554
191 367 514 454 LisBNlT'si
535 375 563 440 Ε
578 367 612 439 τ’
630 367 835 455 B'ERNO
853 366 1060 452 ur'rr'r,
1081 366 1204 439 Errsrss
1231 357 1426 440 CLXXXI.
1453 382 1537 454 239*

13 562 22 577 ι
151 505 263 590 luisti
297 509 426 588 Inveni
455 512 492 584 in
516 508 585 584 illis
607 529 755 608 quoque
777 505 1060 606 descriptionem
1082 503 1265 582 Machina
1283 519 1353 581 toae
1373 506 1540 608 arithme·
1562 539 1665 614 171·0·.

151 635 265 718 oca,
290 627 437 730 ejusque
470 625 552 702 usus
567 671 586 713 ,ψ
605 628 668 726 qui
696 623 821 701 facilis*
837 625 886 700 est
910 682 925 710 ,.
950 625 1014 711 lic,
1047 639 1088 701 ut
1113 624 1202 702 dicis
1227 624 1396 712 ,infanti
1427 623 1704 704 insul-Decem.-

10 778 20 847 ς
150 749 303 832 rabilis,
330 746 497 845 adeoque
526 742 601 820 ho'c
628 743 783 818 nomine·¹
806 740 987 818 Machina,
1020 738 1241 830 Parentum,
1269 745 1371 840 cujus
1394 740 1543 852 quident

151 865 254 940 nihil
285 864 382 952 vidi,
410 860 900 960 multumpraeserendaest:
921 858 979 935 sed
1008 862 1210 960 optandum
1229 857 1334 948 esset,
1364 873 1406 936 ut
1435 861 1549 936 etiam·

9 1028 16 1053 .
149 980 368 1062 slruiiuram
406 983 591 1056 internam
619 975 1044 1078 neocaesariensem
1078 981 1243 1080 alioquin
1276 978 1320 1054 ab
1355 977 1543 1054 oblivione

6 1129 7 1138 ¹
150 1123 240 1176 non
266 1100 470 1200 uindicatur
499 1115 561 1176 tua
587 1093 782 1186 machinas
813 1111 938 1174 contra
965 1097 1153 1175 hortatum
1172 1095 1366 1194 insignium
1393 1095 1544 1172 illorum

151 1239 258 1322 quos
275 1219 443 1294 nominas
456 1261 473 1308 ,·
493 1215 678 1292 Virorum.
706 1215 758 1293 ln
775 1214 891 1293 serius·
907 1216 1078 1294 exhibitis
1102 1218 1243 1315 reperio
1268 1215 1447 1290 notitiam
1468 1213 1545 1291 Cae-

152 1335 254 1412 culei
281 1327 519 1412 Berolin'enfis
551 1357 669 1433 nuper
695 1331 833 1409 inventi
855 1338 951 1422 (1),.
979 1334 1040 1410 sled
1076 1332 1240 1410 similiter·
1270 1355 1348 1408 non
1374 1331 1541 1418 dicitur,

154 1452 249 1551 quid
277 1449 352 1538 iit,v
370 1453 432 1528 vel·
457 1463 504 1526 err·
529 1465 605 1551 quo
633 1459 794 1549 paretur:
823 1451 935 1530 habet
963 1455 1011 1527 ita
1038 1449 1166 1528 Letlor
1193 1449 1351 1526 curiosus
1375 1450 1550 1525 notitiam

151 1567 241 1644 line·
263 1571 412 1644 notitia
449 1566 503 1644 nd
532 1569 779 1666 propagandas
804 1568 966 1646 scientias
994 1569 1031 1644 δι
1060 1582 1150 1644 artes
1182 1583 1250 1665 pro
1286 1567 1387 1642 bono
1423 1565 1543 1665 publi·

153 1707 232 1772 co,
256 1685 438 1771 eduntur,
460 1698 506 1760 ut·
524 1688 563 1762 in
595 1682 807 1762 Praefatione
839 1687 1001 1775 dicitur,·
1022 1685 1099 1762 hae'c
1124 1675 1396 1788 Miscellanea‚
1432 1685 1468 1760 &
1497 1683 1543 1758 ad

150 1801 217 1879 sua
249 1804 286 1878 in
312 1814 548 1880 communem
571 1801 761 1888 utilit-atem
800 1802 1019 1879 conserenda
1049 1806 1247 1879 invitantur
1273 1799 1401 1881 curiosi
1416 1823 1440 1898 3.
1465 1800 1542 1876 haec

152 1940 250 2018 ergo
269 1923 314 1996 in
338 1920 413 1996 hoc
436 1919 534 1996 libro
557 1929 640 1996 noni
662 1916 778 1994 essent·
800 1919 946 1998 celanda
961 1966 979 2008 ,ι
1009 1918 1072 1995 sed
1101 1919 1322 2020 propalanda
1341 1948 1364 2007 ,ν
1386 1934 1427 1995 ut
1454 1919 1552 1996 alius-

152 2037 279 2114 ansam
321 2037 456 2114 habeat·
493 2061 541 2114 ea*
574 2036 625 2112 ad
657 2039 840 2132 majorem·
872 2036 1130 2136 perseilionem
1174 2035 1430 2136 perducendi:
1470 2035 1545 2112 hoc

154 2151 267 2230 enim·
288 2155 393 2252 pacto
412 2195 430 2241 ,·
452 2179 529 2231 non
556 2154 660 2242 alio,
688 2157 733 2228 in
756 2154 952 2252 publicum·
974 2155 1155 2232 redundat
1182 2156 1334 2232 utilitas:-
1387 2153 1546 2230 lllenrini

154 2270 257 2370 apud
280 2269 536 2348 Boronurl'
562 2259 608 2348 de
633 2271 825 2348 coloribus·
848 2285 907 2349 nie
934 2273 1064 2370 legere
1095 2295 1140 2346 ex
1169 2271 1273 2348 viridi
1302 2275 1379 2348 aeris
1406 2273 1444 2348 &
1475 2271 1553 2348 sale*

155 2391 425 2474 ammoniaeo=,·
448 2376 683 2488 per-''aliquod
711 2402 855 2490 tempus
880 2387 1065 2466 infimum
1099 2388 1238 2488 sepulto
1253 2437 1272 2476 ,ι
1299 2389 1457 2464 obtineri
1475 2388 1546 2463 ele·
1616 2455 1620 2462 .

156 2504 405 2603 gantiffimum
438 2505 628 2584 eaeruleum
654 2519 670 2579 :³
695 2505 770 2582 tale
810 2507 897 2604 quid
929 2529 999 2602 ego
1033 2529 1181 2605 quoque
1217 2519 1419 2604 expertus,
1453 2503 1545 2578 scili-

158 2635 221 2698 cet
244 2623 357 2698 viride
380 2624 490 2711 aeris,-
511 2623 568 2698 vel
592 2623 783 2699 vitriolum'
814 2621 1010 2720 cypricum
1039 2625 1076 2698 in
1108 2621 1292 2721 pulvorem
1321 2621 1543 2716 contritum,

158 2738 197 2814 uc
228 2741 353 2840 spiritu
391 2743 507 2816 urinae·
530 2739 593 2816 sel·
617 2739 692 2838 salis
721 2742 944 2826 ammoniaci
971 2739 1180 2838 aspersum,
1223 2737 1391 2816 exhibuit
1433 2759 1542 2814 caertt-

156 2855 268 2936 leum·
297 2854 567 2934 amaeniffimum
607 2860 649 2934 &³
671 2855 917 2956 purilhmum,
948 2859 1026 2957 ipso
1057 2858 1297 2935 ultramarino·
1316 2855 1515 2956 elegantius
1532 2881 1548 2930 :-

155 2972 221 3050 sed
259 2973 365 3050 color
398 2997 482 3050 non·
507 2974 748 3052 enarrabilis
771 3000 790 3070 ;‹w
817 2980 953 3076 quippe
988 2973 1053 3078 qui
1088 2975 1276 3054 exhalante
1308 2975 1467 3073 spiritu,
1507 2973 1544 3050 &

156 3092 235 3190 ipse
262 3089 444 3190 paulatim·
462 3093 663 3178 evanescit,·
688 3090 814 3170 Tanto·
838 3098 966 3192 itaque
986 3095 1124 3192 gratior
1157 3093 1239 3169 esset
1270 3091 1464 3192 descriptio
1489 3094 1574 3192 ip-v,

156 3205 229 3285 sius
261 3211 381 3284 noaoi
409 3209 455 3285 de
483 3211 561 3288 hoo
588 3209 747 3287 caeruleo·
776 3210 1004 3288 conficiendo
1023 3259 1038 3297 ,v
1067 3209 1174 3308 quod
1201 3209 1362 3286 durabile
1386 3195 1542 3297 dicitur,

159 3325 198 3400 &
224 3325 468 3404 ultramarino·
487 3327 608 3404 decies
635 3325 755 3404 viliori
778 3331 896 3425 pretio
920 3327 1099 3425 parabile,
1132 3343 1265 3426 praeter
1286 3329 1447 3430 reliquas
1464 3344 1551 3428 quae'
1652 3403 1655 3410 Δ

158 3441 207 3518 de
235 3467 283 3519 eo
308 3441 547 3542 praedicantur
573 3447 735 3522 virtutem
772 3441 888 3537 Quod
916 3442 940 3518 sr
966 3444 1142 3520 detrectet·
1170 3445 1344 3524 Inventor
1374 3468 1550 3522 arcanum

156 3557 266 3636 hum
297 3582 448 3638 mecum·
467 3557 765 3648 communicare,-
801 3561 1046 3662 [quanquam
1068 3589 1093 3640 a
1117 3589 1212 3653 me,
1244 3567 1312 3662 qui
1350 3563 1444 3638 alius·
1466 3561 1550 3638 sum

158 3675 426 3776 professionis,
461 3682 551 3758 nihil
585 3677 794 3756 damnosum
823 3678 889 3756 sibi
924 3680 1168 3758 metuendum·
1197 3682 1304 3756 habet
1325 3672 1376 3785 ]‚
1414 3679 1550 3755 vellem

157 3793 288 3872 saltem
312 3793 399 3872 scire
419 3817 436 3884 ,ἵ
460 3801 610 3878 ubinam
640 3799 679 3874 &
714 3795 789 3899 quo
816 3801 939 3900 pretio
972 3799 1047 3874 hoc
1079 3797 1271 3876 oaerulwm
1296 3795 1421 3874 venale
1445 3793 1552 3897 pros--

161 3917 224 3988 tet
691 3973 701 3986 .

220 4026 302 4122 Qui
325 4024 509 4128 Physicam
535 4030 756 4109 conscribere
785 4031 930 4132 suscipit
962 4017 1034 4123 sine
1062 4034 1278 4132 cognitione
1312 4020 1511 4112 matheseos
1530 4037 1547 4126 ,’

160 4165 218 4222 nae
243 4149 284 4221 is
302 4169 414 4244 nugas
440 4149 515 4246 agit
528 4172 544 4222 :1
567 4149 672 4224 multi
701 4149 854 4247 quidem·
879 4149 954 4224 suas
977 4149 1084 4226 nobis
1108 4148 1274 4253 Physioas
1294 4153 1422 4250 jai’t'ant
1443 4155 1545 4253 prin·

162 4265 267 4362 cipiis
293 4262 525 4360 geometricis
549 4263 828 4362 superlimiias3
863 4279 993 4344 <eontra¹
1018 4285 1099 4368 quae
1133 4283 1255 4348 tanren'
1289 4271 1423 4372 ubique
1456 4273 1563 4368 peo·x

162 4397 267 4468 sant,
298 4381 336 4456 su
375 4393 496 4479 aperte
536 4381 734 4468 monstrant
759 4379 794 4459 se
820 4378 938 4484 Leges
965 4385 1190 4468 mechanicas
1220 4411 1294 4468 noo
1325 4385 1537 4482 intelligere.

1498 4492 1545 4576 sn·

262 4630 323 4728 (ι)
336 4635 424 4742 ,nu
448 4663 522 4738 ses·
550 4645 638 4733 3772*
