4166 5558
414 303 422 318 '
563 333 635 412 376
696 315 1884 418 ·commraciuarrrrrrorrcum·

561 491 621 544 me
652 471 848 556 connivet,
880 471 956 546 imo
978 468 1150 556 accedit,
1181 489 1291 571 quam
1316 467 1437 545 salsam
1467 471 1592 562 novit,
1621 465 1786 546 dubitare
1812 465 1857 542 de
1881 470 1960 564 ejus

474 637 483 656 .
559 582 760 664 sinceritate
788 585 961 664 coastum
1008 581 1203 684 Epistulam
1234 607 1344 685 quam
1371 583 1490 662 Tuam
1522 582 1590 661 esse
1616 583 1719 674 scit,
1752 587 1801 664 ait
1828 607 1847 660 a
1874 582 1961 660 Ma-

561 701 761 778 thematico
793 701 850 779 rel
882 699 1187 778 Mathematicum
1218 700 1405 779 affetiante
1429 701 1621 802 scriptam,
1651 705 1827 806 (param
1851 690 1961 775 Ma-

560 815 799 895 tbc'mnticien
827 841 872 894 ou
892 806 1076 924 pretmdu
1103 809 1453 916 Mathematirim)
1480 817 1576 919 quasa
1595 823 1722 896 merita
1744 816 1824 894 Tua
1849 820 1959 914 ignu-

562 951 629 1012 ret.
674 935 809 1012 Totam
825 935 985 1012 chartam
998 939 1058 1013 cui
1070 933 1229 1033 Epistula
1249 935 1329 1014 Tua
1355 935 1484 1012 inserta
1514 937 1588 1022 est,
1612 949 1720 1012 vocat
1749 934 1957 1010 diffamato-

564 1056 679 1140 riam,
708 1050 804 1154 quasi
831 1056 947 1156 magis
973 1053 1107 1132 samam
1133 1053 1249 1132 laedat
1274 1075 1384 1156 quam
1413 1051 1533 1130 addita
1562 1044 1786 1131 Cameren
1818 1041 1957 1158 Episto-

564 1158 640 1245 lico.

627 1286 807 1364 Dominus
836 1287 1107 1366 Anuonnus
1134 1289 1223 1366 milri
1244 1287 1399 1390 scripsit,
1426 1285 1494 1366 Ka
1510 1311 1665 1365 rarum
1686 1279 1843 1363 innovo
1863 1280 1956 1385 quo·¹

564 1405 651 1484 dam
685 1395 984 1507 Tranfirssionum
1012 1407 1100 1490 loco
1143 1409 1367 1485 contendere
1406 1405 1462 1482 Te
1494 1429 1641 1505 quoque
1673 1407 1844 1503 ignorare
1872 1401 1955 1480 Cal-

562 1523 689 1598 culum
720 1517 1018 1617 differentialem3
1047 1523 1238 1600 sed-homo
1268 1527 1442 1622 indignus
1469 1523 1598 1601 elicui
1625 1521 1891 1620 respondeatur.
1921 1529 1924 1534 ’

544 1701 547 1736 ³
625 1639 803 1724 Ceterum
819 1637 884 1724 Co
899 1661 923 1714 n
936 1663 987 1716 1²1
1003 1663 1067 1728 us,
1087 1644 1150 1740 qui
1166 1639 1210 1716 ad
1221 1655 1339 1746 partes
1356 1663 1538 1718 novorum
1549 1644 1750 1716 amicorum
1764 1635 1951 1716 non-nihil

562 1757 736 1834 accedere
751 1757 915 1844 videtur,
933 1757 1058 1834 scribit
1075 1746 1209 1859 [largior
1221 1759 1325 1842 sacile
1347 1756 1483 1844 soluisse
1510 1755 1700 1834 Problema
1718 1757 1868 1834 duarum
1889 1753 1950 1830 Se-

564 1879 695 1951 rierum
710 1896 898 1952 curvarum
927 1877 1081 1954 invicem
1099 1877 1455 1975 perpendicularium
1473 1899 1484 1967 ;
1512 1873 1555 1952 M
1568 1901 1591 1952 o
1604 1901 1617 1951 ι
1630 1898 1762 1952 numu
1778 1897 1808 1948 ra
1825 1875 1945 1959 enim,

415 2031 494 2084 ··-.„
544 1985 693 2091 'praeter
708 1989 823 2082 alias,
843 1991 1024 2067 scilicetut
1038 1991 1165 2090 figeret
1183 1994 1300 2090 ideas,
1320 2017 1396 2068 rem
1407 1991 1592 2074 ,reduxisse
1605 1993 1647 2068 ad
1660 1991 1945 2090 subtangentem,
2078 2065 2079 2072 .

563 2109 671 2184 verba
698 2105 896 2184 Couarr
925 2107 1034 2199 sunt,
1063 2098 1094 2183 il
1105 2097 1207 2212 sam
1219 2103 1392 2215 suppcfir
1418 2107 1455 2184 la
1480 2101 1839 2215 mimefhutaagme
1857 2122 1947 2213 pour

565 2221 602 2300 su
628 2218 739 2300 mane
768 2213 936 2332 abstraffi,
972 2247 1056 2326 quae
1089 2249 1166 2308 non
1193 2225 1270 2304 satis
1294 2228 1474 2325 intellige.
1527 2225 1722 2327 Quidquid
1752 2249 1839 2302 vero
1875 2221 1943 2310 fit.

563 2342 639 2420 hoc
662 2367 738 2419 non
766 2344 814 2418 est
840 2341 973 2419 solvere
1002 2341 1226 2426 Problema,
1257 2345 1316 2428 sed
1343 2349 1417 2444 ejus
1443 2345 1574 2422 casum.
1619 2340 1812 2421 Problema
1833 2341 1945 2442 ipsum
2078 2335 2079 2340 ’

558 2463 633 2558 jam
665 2449 701 2536 in
726 2451 829 2535 Adsis
853 2448 1089 2566 Lipstmfibus
1125 2462 1406 2562 proposuimus,
1449 2459 1552 2538 Maio
1582 2464 1665 2536 anni
1705 2475 1840 2554 1697,
1861 2481 1942 2565 pag.

562 2600 675 2665 211,
718 2578 754 2654 dc
788 2601 871 2654 cum
902 2575 1085 2655 Furius
1115 2575 1400 2666 insurrexisset,
1445 2577 1535 2656 Maii
1571 2603 1694 2673 1700.
1730 2601 1812 2676 pag.
1853 2599 1942 2672 204,

557 2692 816 2774 ,Commodum
840 2709 959 2776 autem
988 2699 1131 2791 evenit,
1163 2711 1204 2772 ut
1224 2695 1433 2796 exemplum
1458 2719 1476 2772 a
1508 2695 1564 2776 Te
1588 2698 1812 2794 acceperim,
1846 2691 1943 2794 quod

559 2833 638 2888 non
661 2814 710 2888 ita
732 2811 836 2890 facile
867 2813 1025 2890 solutum
1055 2815 1097 2888 iri
1120 2814 1279 2906 iudicas3
1311 2813 1407 2888 nihil
1434 2815 1556 2911 potuit
1580 2811 1657 2889 sieri
1684 2810 1944 2889 accommoda-

554 2931 642 3010 ¹tius.
682 2926 727 3007 Id
753 2953 851 3007 rrunc
879 2929 1089 3016 Counru
1122 2933 1287 3017 mittam,
1325 2945 1365 3006 ut
1395 2930 1551 3006 habeant
1580 2933 1619 3004 in
1654 2952 1731 3030 quo
1768 2927 1870 3003 ideas
1906 2924 1943 3002 fi·
2077 2957 2078 3036 l

558 3060 671 3140 gant,
707 3048 877 3152 tantisper
902 3047 991 3126 dum
1034 3046 1254 3124 solutionem
1294 3051 1502 3145 generalem
1537 3051 1733 3124 inveniant.
1797 3043 1942 3121 Interim
2077 3047 2078 3060 ¹

555 3155 718 3238 Domini
745 3163 826 3241 Filii
852 3165 925 3242 Tui
949 3164 1170 3258 solutionem
1200 3165 1402 3262 elegantem
1426 3163 1523 3240 casus
1551 3162 1791 3263 Hyperboiici
1810 3163 1867 3236 vel
1886 3159 1940 3236 El-

554 3277 675 3375 ¹liptici
702 3277 746 3352 ad
774 3279 902 3357 Dnum
935 3281 1196 3362 Worerum
1217 3281 1330 3371 mill,
1370 3285 1410 3358 ut
1436 3273 1539 3358 Adsis
1573 3269 1825 3370 Eruditorum
1856 3269 1940 3382 Lip-

542 3387 724 3509 fierfibus
755 3397 859 3473 inseri
889 3392 951 3498 (r)
977 3415 1089 3476 curet.

619 3513 756 3612 Operae
771 3517 929 3613 pretium
952 3517 1018 3590 erit
1044 3516 1176 3613 inquiri
1198 3515 1293 3614 apud
1317 3518 1451 3592 amicos
1475 3508 1629 3619 Pqefiis
1651 3513 1708 3591 vel
1729 3515 1769 3588 'in
1793 3501 1936 3600 ltalia,

555 3633 670 3714 anibi
693 3645 817 3706 extent
840 3631 1038 3728 horologia
1068 3631 1324 3708 turbinatoria:
1352 3646 1553 3710 mereretur
1572 3635 1671 3712 enim
1693 3654 1821 3707 eorum
1843 3626 1937 3708 cons-

554 3747 1683 3848 truuioexauepognosci.................

512 3963 514 3966 ⁵
553 3919 675 4071 Quod
708 3918 1241 4078 laparelrsua're'aulves
1297 3923 1306 3938 ⁸
1355 3917 1366 3942 ·
1414 3915 1426 3940 ·
1472 3922 1481 3942 ι
1526 3926 1535 3942 ⁶
1579 3924 1587 3940 ⁸
1636 3924 1644 3942 ι
1696 3922 1704 3938 1
1748 3921 1758 3938 ·
1811 3916 1824 3939 ·
1873 3923 1881 3939 ι

650 4131 781 4206 Dabam
801 4141 977 4209 Hanouerae
1005 4157 1060 4225 13.
1086 4137 1206 4234 Aprilis
1235 4141 1339 4224 1716.

1457 4231 1716 4340 Deditissrmus.

603 4337 666 4448 (1)
693 4355 796 4434 1716.
823 4349 907 4442 Maj
923 4373 995 4442 pag.
1023 4360 1105 4426 226.

1200 4445 1249 4526 G.
1284 4446 1331 4530 G.
1361 4451 1672 4533 Lauernae

1774 4564 1816 4650 E
1826 4561 1894 4648 Pl
1899 4557 1936 4641 S·
