4166 5558
564 381 637 462 316
770 335 1765 464 'communcrurrrrrsrorrcun.

390 555 497 628 1713,
561 521 669 606 utin
704 518 814 618 longa
844 519 1056 621 possessione
1092 519 1150 598 Te
1186 543 1263 599 non
1295 518 1497 604 turbassent.
1560 523 1652 620 Quo
1680 518 1758 624 ipso
1794 528 1897 604 mihi
1931 531 1977 605 in

384 636 452 729 Jul.
562 651 723 714 mentem
757 641 942 714 revocavit
972 658 1209 716 communem
1233 637 1306 715 sere
1332 638 1463 715 sortem
1498 638 1584 717 Tibi
1607 639 1676 716 esse‘
1703 665 1785 718 cum
1816 643 1974 722 Princi-

388 783 392 789 ·
564 777 613 854 pe
643 752 759 841 Tuo,
789 767 964 854 ut-pote
998 779 1109 855 quem
1139 757 1339 856 iniquiores
1367 742 1483 858 Angli
1512 755 1690 854 dejectum
1726 777 1918 860 cuperent
1951 787 1975 840 a

563 869 780 946 stlccelltone
814 869 971 970 Regni,
1013 873 1067 948 uti
1105 869 1161 948 Te
1195 893 1214 948 a
1255 869 1469 970 possessione
1508 871 1582 949 Tui
1614 874 1752 951 czrlculi.
1801 874 1970 954 interim

563 1011 641 1064 non
669 987 823 1075 dubito,
853 990 941 1089 quin
965 985 1052 1064 Tibi
1079 1011 1163 1064 eum
1203 988 1414 1064 vindicandi
1435 987 1605 1084 supersint
1642 1005 1855 1087 argumenta
1901 996 1971 1071 be-

563 1127 611 1182 ne
635 1103 774 1192 multa,
807 1118 881 1182 tam
908 1128 954 1181 ex
977 1109 1122 1205 privatis
1145 1103 1273 1181 litteris
1303 1129 1414 1206 quarn
1446 1105 1590 1182 abunde
1616 1110 1782 1203 petenda.
1828 1108 1969 1204 Quan-

563 1234 642 1297 tum
667 1221 758 1295 mibi
792 1220 839 1298 de
862 1223 913 1298 rei
940 1225 1089 1298 veritate
1114 1221 1335 1312 innotescit,
1366 1219 1470 1297 sacsse
1496 1223 1675 1320 iudicabis
1703 1223 1793 1300 nibil
1817 1249 1882 1302 me
1905 1251 1968 1304 ce·

559 1337 739 1425 laturum,
767 1333 840 1412 five
866 1337 962 1436 apud
990 1343 1150 1431 amicos,
1175 1337 1245 1416 srve
1275 1339 1447 1439 publice,
1486 1341 1551 1416 ubi
1580 1336 1722 1416 occasto
1753 1341 1791 1416 id
1830 1345 1966 1443 postu·

562 1455 711 1546 laverit;
747 1477 814 1530 nec
841 1455 891 1530 est
914 1477 979 1530 cur
1005 1458 1131 1532 timens
1158 1456 1294 1557 aliquid
1326 1455 1508 1532 blanditiis
1531 1481 1551 1532 a
1579 1479 1638 1532 me
1663 1456 1820 1534 obtineri
1850 1459 1964 1558 posse

562 1572 601 1648 in
630 1572 808 1671 equitatis
837 1593 925 1647 meae
957 1571 1212 1668 praejudicium.
1278 1569 1405 1670 Magni
1429 1571 1580 1672 quidem
1609 1573 1703 1650 sacio
1736 1571 1774 1650 N
1784 1595 1860 1652 rvr
1878 1603 1963 1654 ro·

565 1712 695 1776 uum,
728 1688 871 1787 ejusque
902 1687 1193 1766 benevolentiam
1230 1689 1382 1766 minime
1411 1703 1642 1780 contemno,
1661 1689 1721 1766 sed
1753 1715 1830 1768 uon
1848 1693 1964 1794 spero

567 1830 653 1882 eum
688 1805 824 1903 aliquid
858 1818 990 1903 praeter
1018 1805 1242 1882 honestatem
1273 1829 1293 1882 a
1323 1816 1389 1882 'me
1425 1809 1647 1904 petiturum,
1688 1807 1740 1882 uti
1770 1825 1866 1886 certe
1904 1812 1962 1884 ni-

567 1921 619 1998 hil
643 1921 812 1999 hellenus
838 1923 955 2019 petiit.
1003 1919 1093 1998 Etfi
1126 1926 1206 2021 quis
1227 1935 1389 2018 peteret,
1420 1921 1478 1997 vel
1515 1937 1637 2022 petere
1672 1921 1877 2018 sustinerem
1901 1928 1957 2000 ni-

567 2039 621 2115 bil
647 2035 803 2136 responsi
834 2063 853 2114 a
876 2061 934 2112 me
956 2037 1052 2115 aliud
1084 2039 1249 2124 referret,
1282 2061 1390 2134 quam
1411 2040 1534 2114 tritum
1557 2038 1670 2132 illud;
1694 2035 1850 2118 Amicus
1875 2041 1961 2120 So·

556 2173 784 2241 ‘cunnum
813 2153 953 2229 unicus
979 2145 1279 2257 Purr0‚sed
1305 2149 1423 2254 magis
1457 2153 1577 2230 runica
1600 2152 1763 2234 Veritas.
1802 2148 1806 2155 ⁵

657 2269 753 2364 Qua
786 2271 947 2368 Agnatus
975 2293 1077 2347 meus
1108 2264 1238 2371 Angsis
1258 2272 1565 2359 communicavit,
1588 2275 1721 2370 partim
1749 2269 1960 2352 Nrwro·

571 2409 623 2462 ur
666 2383 859 2494 Principia
894 2377 1116 2491 Pbilofirphiae
1153 2385 1339 2486 spet‘lant,
1374 2409 1533 2486 quorum
1565 2390 1742 2468 nonnulla
1781 2394 1820 2466 in
1852 2385 1962 2468 Attis·

569 2495 815 2608 Lipsienstbus
836 2504 992 2598 videbis;
1016 2506 1146 2602 partim
1180 2503 1265 2592 alia,
1298 2525 1380 2604 qua
1411 2504 1457 2579 ad
1490 2505 1704 2604 analyticam
1736 2529 1814 2584 non
1845 2507 1956 2606 perti-

566 2635 684 2714 nent;
720 2621 880 2722 ideoque
906 2623 1032 2698 timere
1063 2645 1141 2698 non
1171 2619 1280 2697 debes
1308 2620 1505 2696 revelatum
1527 2619 1607 2720 ipsiu
1638 2621 1710 2700 esse
1736 2624 1892 2702 modum
1916 2626 1957 2700 it-

570 2738 650 2814 lum
680 2735 895 2835 singularem
929 2751 1120 2836 tangentes
1147 2736 1356 2814 inveniendi
1391 2758 1579 2814 curvarum
1611 2741 1887 2839 quarumdam,
1919 2742 1956 2817 st

571 2853 618 2932 de
648 2853 960 2931 differentintionis
991 2853 1137 2931 transitu
1165 2877 1186 2934 a
1215 2877 1325 2930 curva
1355 2857 1393 2928 in
1426 2875 1590 2944 curvam,
1617 2855 1691 2934 boc
1722 2855 1797 2944 est,
1823 2857 1871 2934 de
1894 2861 1957 2934 in-

569 2971 748 3050 venienda
777 2971 977 3049 differentia
1007 2974 1101 3048 inter
1130 2971 1218 3046 duas
1248 2992 1371 3046 curvas
1394 2967 1533 3048 infinite
1559 2976 1815 3074 propinquas3
1844 2997 1954 3074 quam

571 3091 780 3177 materiam,
804 3087 830 3166 fi
860 3089 955 3165 bene
978 3089 1151 3174 memini,
1180 3085 1285 3162 valde
1316 3088 1509 3183 promovi,
1548 3085 1587 3167 dt
1620 3089 1665 3166 ad
1687 3091 1755 3167 alia
1780 3113 1859 3172 non
1878 3091 1955 3168 vul-

572 3207 669 3304 garia
698 3228 767 3282 nec
797 3205 901 3282 sacile
929 3207 1035 3284 obvia
1060 3204 1212 3280 feliciter
1234 3203 1402 3302 applicui.
1448 3201 1580 3297 Qualia
1609 3203 1865 3284 denomines
1899 3209 1953 3284 lo-

574 3345 621 3399 co
645 3313 777 3421 Anglir
800 3336 1119 3420 proponerentur,
1162 3319 1257 3396 soret
1293 3343 1377 3398 meo
1415 3320 1552 3417 iudicio
1590 3321 1787 3400 brevissima
1817 3329 1874 3401 via
1908 3323 1952 3400 ad

573 3461 619 3516 os
651 3438 897 3514 obturandum
924 3437 1017 3532 illis;
1050 3435 1077 3514 fi
1110 3437 1283 3514 nimirum
1318 3433 1563 3516 infirmitatem
1599 3437 1697 3515 suam
1734 3441 1772 3514 dc
1813 3437 1951 3520 Calculi

437 3621 442 3634 ,
572 3553 656 3644 sui,
690 3557 790 3653 cujus
839 3567 1027 3654 tantopere
1067 3551 1197 3651 jattant
1234 3555 1510 3654 antiquitatem,
1546 3551 1834 3635 insufficientiam
1869 3581 1953 3659 pro·

574 3672 726 3760 derent,
756 3685 863 3772 atque
894 3668 943 3747 fic
981 3673 1086 3747 inviti
1111 3671 1269 3769 palmam
1299 3670 1427 3747 cedere
1444 3685 1690 3769 cogerentur:
1714 3677 1953 3774 quamobrem

573 3789 799 3868 Problemata
826 3790 994 3888 quaedam
1026 3790 1235 3886 excogitare
1268 3786 1416 3862 deberes
1441 3788 1508 3866 hac
1537 3788 1609 3864 sola
1644 3790 1824 3868 methodo
1859 3793 1953 3870 solu·

571 3907 678 3993 bilia,
705 3924 750 3984 ut
768 3907 861 3984 inde
887 3905 1066 3983 discerent
1097 3901 1166 3980 effe
1197 3901 1361 4004 quaedam
1388 3903 1535 3994 saltem,
1561 3926 1645 4006 quae
1673 3931 1744 4012 nos
1772 3909 1836 3986 suo
1875 3910 1953 3988 Cal-

527 4051 535 4062 ·
574 4023 660 4100 culo
693 4022 899 4102 fluxionum
943 4048 1019 4102 non
1051 4021 1256 4100 debemus:
1294 4015 1395 4097 ficari
1437 4021 1722 4102 Crruvuarus
1765 4029 1951 4125 quondam

576 4129 649 4246 (r)
684 4141 808 4234 inepte
838 4141 998 4238 jassavit,
1034 4140 1127 4218 nibil
1159 4161 1295 4239 nempe
1318 4138 1410 4216 intra
1441 4139 1509 4216 hos
1553 4161 1606 4219 20
1640 4141 1698 4218 vel
1744 4165 1798 4236 30
1839 4169 1950 4223 annos

576 4255 743 4358 prodiisse
767 4260 807 4333 in
831 4259 951 4334 lucem
972 4280 1052 4358 quae
1080 4281 1157 4334 non
1180 4253 1248 4333 srnt
1271 4259 1410 4334 iteratae
1436 4259 1696 4355 repetitiones,
1719 4258 1777 4334 vel
1791 4259 1838 4338 ad
1863 4264 1953 4340 sum-

577 4397 680 4452 mum
722 4375 814 4452 levia
866 4387 1007 4453 tantum
1058 4370 1259 4454 Corollaria
1305 4398 1474 4462 eorum,
1518 4381 1600 4476 quae
1641 4375 1765 4452 Now.
1781 4399 1949 4484 nouus

1709 4501 1953 4594 ,jam

560 4633 562 4640 ¹
633 4601 695 4698 (t)
727 4611 766 4680 svs
785 4599 925 4678 methodo
953 4603 1135 4682 mmmm
1155 4599 1276 4692 nrvmfir
1293 4620 1367 4700 pag.
1396 4619 1451 4698 59.
1475 4595 1520 4693 ἓξ
1543 4612 1602 4681 60.
