4288 5564
39 236 47 281 l

292 310 629 386 LEIBNITH
656 313 1469 404 rrBlRNoULL11,Errsr.CVll.
1519 333 1566 402 ι,

169 451 358 546 scalea,
396 452 604 544 Gallicam,
637 447 853 560 Anglicam,
888 455 977 534 sese
1002 456 1182 546 extollet,
1208 470 1386 560 quantum
1410 453 1565 558 Cupres-
1578 473 1686 550 upon.

169 571 232 656 sus
261 579 357 654 inter
390 576 553 670 yibutna.
616 570 674 649 Ad
697 575 822 653 ,tenuia
843 597 924 652 mea
956 573 1059 676 quod
1081 579 1235 665 attinet,
1264 570 1466 668 studia3ss
1494 575 1563 655 nisa
1578 555 1728 636 ΟΜ-

166 689 310 770 furerint
334 695 502 772 conferre
527 688 627 792 posse
651 690 789 794 aliquid
816 688 1036 791 pondusculi
1057 690 1102 768 ad
1126 693 1307 771 souietatis
1335 695 1501 790 uigorem
1525 694 1563 774 de

158 810 462 897 incrementum,
484 832 550 885 -me
579 821 676 886 certe
701 832 786 886 non
808 807 900 888 adeo
928 809 1088 887 alienum
1114 810 1340 909 proborum,
1370 807 1462 886 fild
1494 805 1563 888 ho·

168 928 274 1004 nesle
297 930 337 1004 &
357 929 577 1008 'decentor
608 947 670 1002 me
693 937 885 1024 peteretur.
945 921 1031 1004 Tuo
1057 939 1178 1004 autem
1194 927 1371 1028 prudenti
1390 925 1562 1027 relinquo

170 1041 354 1134 consilio,
383 1044 573 1144 nurnquid
600 1034 885 1147 Berolinetfibus
902 1040 975 1124 hnc
995 1042 1042 1119 de
1070 1069 1110 1122 re
1140 1048 1413 1128 communicare
1434 1043 1562 1122 uolue-

170 1167 231 1240 ris.
281 1161 371 1240 Non
390 1163 526 1242 dubito
551 1163 664 1262 quin,
688 1163 794 1258 iuxta
817 1159 907 1247 alia,
936 1161 1045 1236 edum
1064 1159 1210 1264 physica
1237 1163 1275 1240 dr
1289 1162 1562 1262 texpetimenta-

169 1279 221 1358 ln
259 1283 428 1382 inprimis
456 1277 658 1374 excolenda
676 1275 819 1357 nnius
861 1273 1049 1377 Opaon
1072 1278 1134 1358 hic
1157 1278 1251 1358 milri
1277 1277 1427 1356 subsidia
1447 1275 1562 1356 admi-

165 1399 408 1476 -ntstrareutur
431 1447 446 1496 ‚
470 1395 525 1478 ad
561 1392 788 1497 procuranda
823 1394 925 1496 plora
963 1393 1234 1486 instromenta,
1266 1392 1525 1494 supelleslllem
1540 1452 1559 1483 ,

174 1519 396 1610 materiam,
427 1514 568 1616 aliaque
593 1515 641 1592 ad
670 1513 745 1594 hoc
771 1535 866 1600 otrus
889 1507 1097 1594 necessaria:
1126 1512 1320 1613 pollicerer
1358 1510 1440 1586 sane
1470 1508 1562 1590 mihi

175 1655 252 1710 non
295 1632 465 1714 inutilem
497 1629 708 1716 successum.
770 1627 929 1709 Ordines
970 1631 1119 1732 quidem
1149 1629 1260 1710 nostri
1300 1639 1383 1704 ante
1420 1623 1563 1728 aliquot

175 1773 312 1846 annos,
339 1753 378 1834 in
404 1737 515 1828 usuor
536 1750 674 1830 ,nostra
698 1746 904 1850 juventutis
927 1746 1111 1839 studiosae,
1141 1771 1228 1826 meo
1252 1743 1408 1826 consilio
1428 1743 1562 1822 induo-

175 1869 227 1956 ti,
247 1868 411 1968 aliquam
433 1866 646 1946 summulam
672 1866 968 1968 suppeditarunt‚;
995 1889 1075 1965 quo
1105 1883 1227 1950 nutem
1244 1867 1307 1942 vix
1323 1861 1439 1940 -dum
1456 1861 1561 1962 prin

176 1985 411 2084 cipalioribus
447 1983 689 2092 nstrumenns
722 1983 933 2066 coemendis
958 1979 1162 2067 sufficiebat.
1220 1981 1406 2064 nsaiano
1433 1981 1560 2079 itaque

177 2123 299 2178 annno
341 2098 535 2190 subsidio,
567 2099 770 2200 sumptibus
799 2101 1027 2202 quotidianis
1053 2098 1304 2205 impendendo
1328 2099 1350 2196 .[
1373 2090 1477 2198 quod
1514 2091 1559 2171 ab
1702 2107 1710 2119 “

178 2217 246 2294 illis
274 2215 545 2318 flagitaverant,
565 2218 633 2295 sed
655 2219 812 2322 frustra]
832 2243 919 2296 nun
934 2241 984 2310 ,ea
1000 2277 1018 2310 ,,
1050 2243 1129 2328 ¹:qua
1152 2177 1315 2304 uellent,
1351 2213 1559 2294 ihenuitate

178 2349 310 2412 naturae
341 2358 470 2412 arcana
508 2339 628 2420 rimati
655 2337 743 2418 linet
758 2360 777 2430 ς
805 2334 967 2424 tametsi,
1001 2361 1053 2415 ne
1080 2336 1130 2418 nc
1156 2334 1307 2437 quidem
1333 2343 1481 2432 tempus
1506 2340 1562 2406 te·

177 2475 276 2540 rum,
312 2455 401 2554 quin
424 2454 682 2532 tentaminibus
709 2456 831 2530 ninus
855 2451 1043 2552 pretiosus,
1077 2478 1124 2532 ex
1159 2475 1244 2532 meo
1268 2449 1464 2535 institutis,
1502 2446 1559 2524 in·

179 2567 323 2646 tendum
351 2568 488 2670 aliquid
517 2572 605 2648 novi
636 2571 814 2668 detegam.
855 2569 915 2650 lta
939 2593 1056 2672 nuper
1079 2573 1209 2650 inveni
1232 2567 1387 2644 modum
1410 2559 1561 2660 parandi

178 2707 321 2762 uorum
343 2707 455 2784 genus
486 2684 696 2786 'Phosphori
721 2685 823 2762 valde
850 2685 983 2770 lucidi,
1013 2688 1051 2758 &
1070 2684 1183 2768 ¹facile
1217 2677 1406 2776 parabilis,
1437 2695 1484 2746 ex
1507 2691 1561 2744 ar-

180 2817 293 2902 gento
324 2805 406 2879 uiuo
422 2804 470 2880 in
497 2825 613 2886 uacuo
627 2797 768 2901 polito.
823 2795 900 2881 :Hic
931 2797 1166 2898 vPhosphorus
1189 2790 1359 2870 omnibus
1382 2786 1458 2865 aliis
1481 2783 1561 2888 pal·

180 2943 276 2998 mam
308 2923 498 3022 praeripere
531 2918 661 3012 debet3
695 2921 817 3018 ptimo
843 2914 945 3016 quod
983 2939 1090 3003 euin,
1124 2933 1206 2988 non
1241 2907 1322 2986 casu
1351 2906 1514 2985 sortnito
1536 2959 1555 2991 .

180 3040 238 3116 coi
267 3037 401 3140 reliqui
430 3061 556 3114 omnes
581 3049 705 3116 ortum
726 3034 830 3111 suum
853 3035 1013 3123 debent„
1038 3032 1100 3110 sed
1126 3029 1172 3106 de
1192 3024 1392 3119 indulhia,
1421 3021 1559 3120 aprio·

178 3158 233 3244 ri,
266 3154 305 3230 dc
332 3157 519 3257 principiis
546 3157 636 3231 meis
661 3146 916 3232 ratiocinando
943 3150 1166 3240 invenerint
1193 3141 1379 3228 seeundo,
1405 3139 1443 3214 ἃ
1472 3139 1557 3238 qui·

179 3272 263 3348 dem
290 3274 490 3376 praecipoe,
517 3272 619 3377 quod
649 3293 751 3348 meus
777 3266 1012 3367 Phosphorus
1033 3264 1075 3343 stt
1095 3271 1313 3364 perpetuus,
1338 3257 1427 3337 loco
1455 3249 1559 3355 quod

179 3413 307 3467 omnes
337 3389 398 3468 alii
432 3389 466 3467 se
492 3377 527 3466 se
561 3387 803 3475 consumant,
845 3385 902 3472 vol
936 3385 1059 3470 saltem
1089 3381 1192 3458 suant
1221 3379 1416 3462 virtutem,
1446 3370 1559 3448 trano

176 3511 392 3609 temporis,
433 3508 611 3588 amittunt
673 3502 783 3580 Unde
816 3504 889 3600 jam
928 3499 1203 3594 innotesceres,
1241 3489 1435 3594 quomodo
1471 3485 1559 3562 tales

177 3625 363 3726 lampades
397 3621 636 3724 sepulchrales
662 3624 939 3720 inperpetuum
960 3620 1127 3708 durantes
1150 3611 1266 3712 parari
1285 3604 1450 3709 possent,
1479 3622 1560 3701 quae
1709 3647 1711 3654 ·

176 3741 364 3840 fulgerent
393 3741 560 3834 tanturn,
598 3761 679 3816 non
710 3737 888 3818 arderent
933 3737 1055 3822 laod
1088 3737 1132 3812 ,in
1162 3731 1243 3806 hoc
1275 3727 1463 3812 inuentum
1491 3715 1561 3796 11³0

176 3855 379 3940 ocofione
719 3937 721 3946 A
1220 3865 1222 3872 ’

268 3975 366 4054 Cum
394 3987 476 4052 ante
502 3973 646 4072 aliquot
664 3971 833 4059 menses,
858 3969 1017 4047 'in‘libro
1044 3949 1169 4064 aliquo
1196 3951 1355 4055 legissem
1383 3949 1559 4032 Pronn-

177 4117 285 4170 nurr
313 4090 503 4170 Societatis
530 4089 705 4179 Gallicae,
731 4094 769 4167 in
802 4089 867 4168 suo
895 4087 1127 4168 Barometro,
1150 4097 1236 4154 cum
1257 4071 1353 4150 sorte
1381 4094 1446 4172 per
1459 4082 1560 4144 tene·

177 4210 258 4286 bras
280 4207 376 4286 illud
402 4207 678 4308 transportaret,
708 4211 746 4286 in
769 4221 869 4309 parte
888 4205 974 4284 ruhi
1008 4219 1142 4285 uacua,
1176 4187 1374 4274 observaffe
1401 4189 1561 4289 aliquem

174 4327 365 4425 fulgorem
389 4327 655 4426 exinproviso
682 4335 915 4424 apparentem
927 4377 944 4409 .,
973 4321 1013 4398 dc
1038 4315 1275 4392 mortiterum
1300 4308 1559 4407 disparentem,

177 4445 305 4546 postea
345 4439 582 4533 redeuntem,
620 4443 728 4520 toties
763 4439 906 4546 quoties
949 4445 1142 4538 argentum
1169 4430 1292 4510 uiuum
1319 4448 1388 4529 per
1408 4433 1560 4498 motum

1006 4550 1046 4634 ‚c
1095 4573 1124 4632 2
1466 4533 1561 4608 reci·
