4166 5558
554 355 669 434 *aaz
760 340 1978 434 pomeranorumrrrrrorrcurr..‚

596 484 762 564 voluillet
791 508 846 560 eas
872 483 1096 586 quandoque
1139 497 1249 576 aaut
1278 481 1437 580 4‘lineis
1463 479 1647 558 absolvere
1688 483 1871 582 putuiiset.
1933 481 2005 560 Vi·
2065 477 2066 506 ¹

503 655 515 672 ι
597 603 701 680 detur
718 599 867 679 voluille
882 598 981 678 Libri
995 601 1134 680 molem
1153 600 1346 678 extendere
1375 609 1503 698 praeter
1528 593 1797 688 neceffitatem,
1830 599 1905 676 nisr
1925 583 2004 677 for·
2065 611 2066 624 ¹

556 749 560 760 ¹
597 735 633 798 te
667 723 842 818 majorem
864 719 956 806 ‚inde
989 717 1050 794 irbi
1081 717 1260 816 gloriam,
1289 714 1500 793 nascituram
1530 720 1719 820 putaverit.
1778 715 1878 812 Quae
1910 719 2004 796 sunt
2065 817 2066 822 ,

596 837 748 938 alicujus
779 837 989 926 momenti,
1018 838 1200 935 praecipue
1231 835 1382 910 veroin
1410 835 1525 931 prima
1552 831 1653 910 Libri
1682 849 1805 934 parte,
1840 861 1884 913 ea
1918 861 2002 914 cer·
2065 823 2066 840 ³

597 970 635 1032 te
674 958 844 1055 pleraque
876 957 953 1051 jam
982 951 1199 1052 complexus
1230 951 1334 1039 sum,
1368 953 1497 1048 partim
1534 953 1573 1030 in
1604 950 1869 1038 Sclrediaimate
1903 977 2000 1032 meo

595 1063 705 1149 Allis
728 1061 968 1176 Ltpstenstbur
1002 1092 1122 1166 1713.
1155 1065 1341 1146 Mensrbus
1371 1063 1568 1144 Februario
1600 1071 1637 1146 dc
1664 1067 1802 1146 Martio
1824 1071 1996 1158 inferto,

596 1192 729 1290 partim
764 1191 802 1264 in
834 1187 1092 1288 posterioribus
1131 1185 1319 1287 Capitibus
1357 1179 1494 1263 Libelli
1529 1187 1605 1262 mei
1631 1183 1763 1262 Gallici
1789 1175 1837 1262 de
1858 1183 2003 1290 praxi'

593 1305 759 1382 nautica.
808 1303 996 1398 Quosdam
1019 1307 1128 1382 etiarn
1148 1304 1273 1380 notavi
1302 1301 1578 1407 paralogismos.
1632 1303 1795 1382 Modum
1821 1305 2000 1384 confide«

593 1423 696 1502 randi
724 1421 860 1499 vetlem
883 1424 922 1496 in
950 1421 1121 1498 omnibus
1135 1422 1203 1498 suis
1222 1421 1363 1522 pendia
1382 1419 1629 1518 impulsuma
1651 1426 1825 1522 potentiis
1848 1427 1991 1500 varian-

594 1543 713 1636 tibus,
744 1561 855 1641 quem
885 1561 956 1636 ego
984 1537 1131 1615 adhibui
1163 1539 1202 1612 in
1231 1559 1315 1614 meo
1345 1534 1490 1614 Libello
1514 1560 1583 1637 pro
1609 1541 1825 1618 invenienda
1860 1543 1993 1618 media

595 1659 790 1748 diredtione
813 1659 1060 1756 potentiarum
1078 1653 1222 1742 velum,
1249 1651 1473 1752 superficiem
1496 1659 1614 1744 naris,
1644 1656 1702 1735 vel
1726 1659 1812 1746 alius
1842 1681 1988 1760 corpo·

594 1779 642 1852 ris
668 1772 895 1874 superficiem
919 1773 1214 1875 impellentium,
1241 1767 1554 1850 H'earnauruus
1576 1772 1649 1856 sabi
1666 1791 1814 1876 quoque
1835 1791 1992 1874 arrogat·

595 1895 633 1969 in
662 1893 722 1970 sua
761 1889 999 1990 Praefatione3
1027 1890 1087 1970 sed
1113 1909 1189 1992 quo
1220 1891 1299 1987 jure
1329 1889 1460 1965 nescio.
1521 1887 1625 1968 Dicit
1656 1893 1805 1994 quidem
1840 1917 1900 1968 me
1932 1896 1990 1968 vi‹
2065 1955 2066 1980 ᾗ

465 2041 467 2048 ’
594 2007 681 2088 dille
712 2007 995 2110 manuscriptum
1022 2007 1151 2099 suum,
1180 2003 1281 2105 quod
1311 2029 1387 2081 non
1419 2012 1552 2106 negb;
1587 2032 1639 2083 an
1668 2027 1790 2088 autern
1817 2007 1979 2086 Theore-

454 2160 459 2170 ·
595 2142 690 2204 mata
723 2125 798 2204 huc
830 2125 1002 2202 facientia.
1022 2123 1110 2202 inibi
1139 2135 1278 2222 reperta
1302 2119 1461 2212 fuerint,
1491 2137 1535 2200 ut
1558 2127 1704 2214 innuit,
1730 2139 1824 2204 certe
1850 2126 1978 2204 alleve-

577 2267 670 2344 rare
698 2267 775 2320 non
804 2241 964 2344 polium..
1012 2241 1111 2319 Male
1139 2244 1261 2340 itaque
1285 2243 1378 2336 agit,
1399 2241 1547 2338 quando
1567 2241 1844 2336 admemoriam·
1861 2269 1976 2334 meam

594 2361 761 2462 appellat
809 2355 1015 2453 Quomodo
1046 2361 1145 2434 enim
1178 2353 1378 2458 quamlibet
1405 2359 1596 2435 minutiam
1630 2363 1814 2438 attendere
1841 2357 1974 2460 potuil-

513 2487 520 2502 '
591 2478 690 2566 sem,
723 2476 822 2556 intra»
844 2479 997 2556 biduum
1021 2476 1081 2552 uel·
1106 2475 1297 2563 triduum,
1321 2497 1396 2572 quo
1425 2471 1709 2576 manuscriptum
1742 2482 1815 2577 ejus
1842 2475 1976 2580 perlui·

578 2610 685 2696 „trare
718 2595 810 2672 mihi
834 2595 958 2674 datum
979 2593 1070 2671 fuit?
1097 2585 1265 2670 Profell'o
1295 2615 1376 2668 non
1397 2593 1497 2668 aliter
1524 2589 1751 2672 consideravi
1773 2614 1882 2696 quam
1909 2596 1974 2670 mi-

592 2716 754 2801 nutiam,
780 2711 819 2790 id
848 2707 1044 2812 quodiam
1072 2706 1179 2786 illum
1212 2723 1255 2786 ut
1289 2711 1410 2806 magni
1443 2705 1535 2810 quid
1556 2709 1727 2786 animare
1747 2707 1881 2799 uideo,
1915 2717 1997 2788 cue'
2065 2735 2066 2752 ³

590 2832 648 2928 jus
676 2829 709 2904 le
741 2848 888 2906 mecum
924 2830 1152 2904 inventorem
1184 2821 1306 2902 audire
1334 2826 1449 2925 gestit.
1508 2817 1614 2903 Nihil
1637 2827 1762 2930 utique
1781 2831 1972 2908 naturalius

579 2931 664 3029 est,
681 2945 772 3022 nihil
792 2947 909 3046 magis
929 2945 1088 3023 obvium
1116 2967 1227 3045 quam
1258 2943 1389 3018 referre
1415 2947 1596 3042 potentias
1620 2961 1767 3042 agentes
1796 2948 1834 3022 in
1857 2947 1971 3046 super·
2065 2975 2066 2990 ¹

562 3159 567 3168 1
591 3061 714 3140 ficiem
737 3063 896 3166 aliquam
919 3061 964 3140 ad
989 3061 1123 3139 vellem
1154 3059 1434 3156 imaginarium,
1463 3063 1721 3160 prolongando
1749 3083 1883 3165 nempe
1914 3087 1973 3139 eo·

593 3199 678 3255 rum
706 3177 937 3260 directiones..
979 3177 1078 3258 Dedi
1105 3176 1179 3254 hoc
1206 3178 1244 3252 in
1267 3175 1410 3252 Libello
1437 3195 1522 3254 meo
1549 3176 1619 3253 sane
1643 3175 1714 3256 ulla
1733 3205 1872 3282 pompa
1883 3207 1896 3276 3¹
1921 3182 1972 3256 ni·

592 3287 646 3370 hil
679 3298 816 3396 quippe
850 3299 910 3376 hic
937 3297 1135 3398 suspicabar
1165 3291 1325 3394 jacl'antia
1351 3292 1518 3390 dignum
1574 3290 1704 3375 Habeo
1726 3322 1836 3387 ver0,
1868 3297 1968 3374 ut&
2065 3311 2066 3390 Γ

590 3407 668 3490 hoc
692 3412 842 3500 addam,
873 3413 976 3515 quod
1003 3438 1131 3514 querar
1168 3411 1213 3488 d'e
1250 3401 1547 3508 Herminius,
1572 3409 1641 3490 srve
1668 3414 1851 3493 nonsatis
1878 3409 1972 3490 felici·
2065 3445 2066 3528 ἦ

590 3533 791 3620 memoria,
822 3528 890 3607 save
924 3554 1002 3608 non
1029 3519 1221 3606 sufficienti
1255 3527 1421 3606 candore.
1488 3525 1631 3606 Etenim
1660 3533 1807 3632 quando
1838 3530 1877 3609 i'n
1904 3532 1970 3629 Ap-
2065 3595 2066 3634 ὲ

591 3648 746 3747 pendice
781 3672 861 3750 pag.
897 3672 987 3742 393.
1017 3643 1054 3720 in
1081 3643 1152 3720 fi'ne
1179 3647 1342 3722 audatler
1372 3645 1459 3724 dicit
1490 3652 1663 3722 rrernr'r‘ram
1693 3639 1842 3738 aliurn,
1883 3642 1970 3753 quod
2065 3639 2066 3728 ff

581 3755 706 3868 stlat,
738 3751 987 3874 demonstrasse
1010 3785 1178 3868 aquam,
1198 3751 1364 3840 aliumve
1390 3752 1590 3868 liquorem,
1626 3791 1671 3842 ea
1698 3755 1896 3843 velocitate
1918 3785 1972 3839 ex·

592 3871 682 3984 oasa
712 3902 906 3993 erumpere*
928 3906 1042 3994 quam
1076 3903 1180 3986 aqua
1210 3873 1370 3982 guttula
1401 3875 1538 3986 orificio
1570 3873 1748 3990 proxima
1781 3876 1965 3988 acquirere
2065 3967 2066 3974 Ν

438 4023 444 4028 ·
587 3987 699 4103 potest
730 4059 740 4088 ‚
770 3995 859 4106 casu
897 3991 1096 4092 accelerato
1126 4023 1181 4074 ex
1209 3985 1409 4074 altitudine
1439 3971 1589 4102 liquoris
1608 3989 1730 4105 saepen
1760 4001 1961 4102 orificium,

591 4105 735 4191 Ledori
759 4120 969 4218 persuadere
996 4132 1149 4196 conatur
1179 4103 1211 4192 le
1234 4120 1393 4216 primum
1417 4115 1516 4192 fuine
1541 4118 1648 4216 hujus
1675 4121 1725 4195 rei
1753 4119 1959 4195 demonstra·
2065 4201 2066 4204 p

515 4273 522 4276 -
593 4247 729 4307 toreml
769 4233 841 4310 Sed
867 4235 1026 4335 imponit
1049 4227 1470 4326 [edoti3liabuitenim
1496 4233 1958 4318 dernonst'rationemame,
2065 4207 2066 4274 l

594 4373 647 4424 eo·
672 4362 859 4450 tempore,
896 4375 971 4450 quo
1007 4371 1053 4428 ex
1087 4339 1203 4426 ltalia
1228 4351 1407 4445 redierat3
1436 4351 1473 4427 &
1496 4367 1636 4429 tantum
1672 4354 1766 4429 abest
1787 4412 1803 4442 ,.
1835 4366 1877 4430 ut
1906 4343 1959 4426 ali-

592 4491 699 4570 quam
735 4479 837 4546 antea
880 4467 1047 4544 habuerit
1080 4465 1454 4555 demonstrationem,
1477 4481 1524 4546 ut
1549 4493 1634 4548 cum
1669 4467 1959 4570 interrogallem,

2065 4391 2066 4482 l

1819 4632 1821 4638 ’
1885 4603 1960 4666 tium
