4288 5564
562 327 610 386 20
710 307 1257 398 commercium
1310 306 1857 378 arrsrocrcurr.

392 471 496 561 1760.
563 459 861 558 reciprocationis
897 460 935 532 in
966 454 1059 534 tubo
1090 452 1357 551 descendebat3
1394 475 1479 531 cum
1515 475 1603 530 vero
1639 451 1767 554 reliqui
1795 449 1997 548 ejusdem

390 567 519 644 Οᾶοῧι
567 577 754 656 Societatis
781 572 894 663 Viri,
925 574 1056 674 quibus
1083 573 1144 650 ille
1180 572 1449 674 inexpediatum
1477 569 1751 648 Phaenornenon
1783 569 2001 644 monstra-

362 667 428 753 st
568 707 707 783 verat,
744 691 876 790 singuli
901 691 998 768 idem
1036 693 1074 767 in
1108 691 1178 766 suis
1204 689 1420 769 Barometris
1454 700 1591 766 tentare
1621 687 1781 773 vellent,
1819 687 1996 759 nenrini

570 814 665 890 recle
699 807 889 888 succeffrffe
920 808 1073 904 dicitur3
1105 809 1227 885 donec
1248 809 1392 908 postea,
1418 829 1463 882 ex
1485 807 1605 883 multis
1622 803 1858 888 Barometris,
1880 823 1988 900 quae
2112 857 2113 860 a

524 1011 527 1027 ι
574 941 710 1006 tentata
736 928 896 1016 fuerant,
926 928 1075 1004 unicum
1098 926 1205 1004 suerit
1229 939 1432 1024 repertum,
1461 923 1563 1022 quod
1597 925 1704 998 etiam
1733 920 1882 1018 aliquod
1903 919 1987 994 lu-

575 1070 683 1133 men,
710 1045 773 1120 sed
801 1042 913 1140 longe
936 1043 1089 1120 debilius
1113 1065 1222 1144 quana
1254 1037 1495 1119 Picurdinum
1524 1040 1690 1115 vibrabat.
1755 1035 1863 1116 Hisce
1886 1038 1983 1113 lec-

576 1165 640 1252 tis,
679 1185 802 1238 meum
830 1160 1104 1248 Barometrum,
1139 1161 1242 1259 quod
1272 1157 1350 1234 usui
1378 1158 1562 1234 ordinario
1601 1155 1832 1242 inserviebat,
1872 1177 1977 1230 con-

576 1279 693 1356 festim
727 1278 890 1377 arripio,
931 1300 1149 1376 mecumque
1176 1289 1286 1374 porto
1321 1276 1591 1364 irrtenebras,
1625 1287 1832 1351 tentaturus·
1871 1297 1973 1351 num

578 1419 687 1498 quam
727 1395 850 1471 lucem
881 1397 920 1468 in
954 1394 1019 1469 illo
1055 1393 1311 1470 observarem:
1347 1390 1407 1468 sed
1435 1396 1550 1493 prima
1582 1396 1778 1491 agitatione
1813 1391 1966 1480 frustra,

576 1512 664 1590 dein
699 1506 949 1590 violentiffime
974 1513 1169 1608 agitatum,
1207 1514 1245 1586 in
1272 1509 1439 1610 quolibet
1473 1510 1645 1587 descensu·
1670 1511 1862 1598 mercurii,
1889 1513 1970 1606 jam
2000 1513 2009 1520 '

576 1633 649 1729 jam
676 1626 1030 1718 iterum'ascensuri,
1061 1628 1221 1704 luculam
1251 1627 1442 1729 aliquam,
1483 1627 1543 1704 sed
1569 1651 1740 1728 perquam
1772 1627 1967 1705 obscuram

579 1743 703 1822 enrifit.
772 1743 851 1823 Hac
874 1744 980 1844 super
1003 1771 1041 1822 re
1070 1745 1241 1822 meditate
1265 1747 1429 1844 incoepi,
1457 1747 1662 1824 &tandem
1695 1745 1785 1821 mihi
1818 1741 1967 1820 videbe-

569 1875 659 1951 ·tur,
695 1860 894 1940 secundum
924 1865 1154 1941 ratiocinium
1186 1888 1331 1951 ancum,
1357 1864 1481 1941 lucem
1513 1863 1609 1940 illam
1636 1865 1673 1938 in
1701 1862 1871 1938 omnibus
1898 1859 1966 1938 Ba-

579 1982 748 2057 rometris
776 2001 945 2078 apparere
966 1979 1152 2069 -debere,
1197 1979 1222 2054 sr
1254 1979 1484 2056 conficiendo
1518 1978 1730 2056 Barometro
1770 1979 1850 2054 tubi
1891 1977 1968 2053 alio

580 2119 691 2197 quarn
724 2095 908 2174 ordinario
944 2098 1060 2174 modo
1093 2097 1350 2196 implerentur,
1387 2117 1461 2196 quo
1489 2098 1730 2196 impediatur,
1768 2117 1813 2171 ne
1836 2093 1964 2192 supreb

570 2227 641 2289 'ma
676 2211 876 2312 superficies
913 2217 1081 2291 mercurii
1114 2216 1274 2292 intubo
1309 2215 1542 2312 cooperiatur
1568 2213 1734 2313 pellicula
1770 2203 1963 2310 quadam,

582 2333 799 2429 quaomnia
832 2334 1029 2408 mercurius
1062 2356 1080 2409 a
1108 2333 1274 2408 coartatio
1307 2333 1396 2406 atris
1425 2329 1733 2430 superinducitur,
1778 2328 1823 2404 ad
1834 2327 1970 2404 -instar

574 2445 733 2543 alicuius
759 2447 893 2547 pultis,
931 2449 968 2524 dc
997 2449 1164 2526 omniurn
1190 2449 1263 2526 sere
1298 2447 1505 2548 liquorum,
1543 2450 1606 2548 qui
1632 2451 1702 2523 at'ri
1735 2443 1886 2546 expositi
1914 2458 1967 2520 ta-

582 2563 657 2638 lem
698 2565 908 2660 pelliculam
937 2566 977 2639 in
1016 2565 1218 2643 summitate
1246 2565 1305 2642 sua
1337 2564 1581 2659 contrahunt3¹
1614 2564 1709 2641 hanc
1733 2566 1830 2640 enim
1862 2562 1966 2661 pelli·

572 2679 702 2755 culam
735 2678 803 2755 esse
832 2681 1065 2770 existimavi,
1115 2707 1194 2781 quae
1228 2686 1413 2757 materiam
1456 2681 1666 2768 lucifieam,
1707 2704 1753 2756 cx
1786 2681 1965 2756 mercurio

582 2792 731 2889 lingulis
763 2792 984 2868 descensibus
1016 2796 1141 2891 egredi
1173 2797 1388 2890 volentem,
1424 2796 1474 2871 ad·
1496 2795 1752 2896 occupandum
1785 2798 1862 2872 tubi
1890 2795 1967 2892 spa-

581 2912 676 2986 tium
697 2932 715 2984 a
740 2909 919 2985 mercurio
950 2907 1191 2984 descendente
1209 2910 1398 3000 relislum,
1427 2927 1596 2989 coerceat
1617 2913 1650 2988 da
1674 2913 1847 3013 impediat
1874 2935 1968 3012 quo-

582 3027 703 3102 minus
731 3047 916 3124 erumpere
939 3023 1056 3127 pollrt.
1117 3022 1331 3124 Excogitavi
1357 3030 1478 3132 itaque
1507 3028 1601 3106 duos
1628 3032 1762 3108 modos
1788 3029 1968 3129 implendi

582 3141 715 3220 tubum
747 3139 944 3220 Barometri
975 3145 1062 3219 citra
1088 3144 1292 3222 contessum
1323 3150 1436 3244 aeris3
1473 3149 1521 3224 ita
1551 3169 1592 3225 ut
1615 3147 1785 3225 columna
1827 3171 1968 3222 mercu-

584 3261 629 3335 rii
655 3258 753 3334 nuda
790 3257 906 3355 esset,
945 3261 982 3336 &
1014 3261 1186 3338 immunis
1212 3261 1256 3339 ab
1291 3261 1351 3340 illa
1378 3263 1585 3363 pellicula3
1622 3265 1659 3340 dr
1698 3263 1821 3364 reapse
1846 3263 1966 3341 modia

504 3442 506 3457 .
584 3374 654 3452 illis
689 3376 728 3450 in
757 3373 923 3451 effectum
948 3375 1131 3466 dedudie,
1160 3379 1197 3454 dc
1238 3381 1341 3456 variis
1376 3378 1592 3460 llarometris
1620 3384 1672 3458 ita·
1701 3384 1855 3480 paratis,
1898 3383 1967 3457 secl

584 3491 789 3591 periculum
816 3494 861 3568 'in
888 3493 1068 3582 tenebris,
1096 3515 1173 3574 uon
1196 3493 1270 3572 fine
1294 3520 1425 3598 magna
1450 3499 1637 3598 voluptate
1663 3501 1699 3576 se
1729 3499 1969 3577 delestamen·

585 3619 649 3697 to,
676 3607 800 3685 videns
829 3611 968 3688 exitum
998 3633 1083 3688 meo
1109 3613 1328 3703 ratiocinio,
1361 3619 1470 3694 etiam
1496 3616 1720 3716 ultraquam
1747 3617 1966 3717 sperabam,

584 3723 812 3824 respondisse.
875 3725 1019 3806 Omnes
1055 3730 1152 3805 enirn
1180 3729 1234 3806 isti
1263 3733 1376 3821 tubi,
1418 3731 1588 3811 leviffinra
1617 3737 1852 3833 agitatione,
1893 3745 1970 3811 tam

583 3841 738 3919 vividam
765 3843 885 3921 lucem
916 3845 962 3922 de
986 3845 1021 3922 se
1043 3845 1278 3946 spargebant,
1306 3862 1348 3926 ut
1373 3853 1480 3928 etiam
1505 3850 1638 3927 litteras
1670 3843 1879 3953 majusculas
1899 3849 1969 3927 dis-

587 3978 736 4032 cernere
760 3959 975 4058 'potuissem
1012 3985 1096 4040 cum
1123 3977 1243 4042 tamen
1279 3979 1383 4054 antea
1405 3967 1511 4047 tubus
1546 3989 1650 4043 more
1686 3967 1870 4043 ordinario
1899 3969 1974 4044 im-

585 4071 735 4171 pletus,
765 4076 895 4154 eodem
920 4080 1068 4182 quidem
1094 4097 1245 4180 argento
1270 4087 1378 4173 vivo,
1413 4084 1706 4172 nihilomnino,
1735 4087 1792 4162 vel
1818 4109 1966 4184 parum,

587 4185 848 4268 violentissimis
873 4194 1083 4279 successibus
1114 4200 1255 4278 luxerit.
1307 4199 1467 4280 Laetabar
1489 4199 1660 4303 equidem
1688 4201 1858 4284 invenisse
1888 4227 1969 4280 mo·

589 4303 678 4385 duna
708 4309 914 4412 generalem
941 4322 1064 4398 omnia
1099 4318 1317 4402 Buometra.
1339 4317 1519 4402 reddendi
1558 4317 1737 4424 temerae
1777 4344 1967 4421 meamque

1859 4461 1972 4542 prom
