4134 5554
172 391 1021 482 erBIIITIIurIIenNonIIIIII,
1047 389 1206 507 Emer.
1226 389 1414 470 CLXXIII
1449 410 1512 473 err

123 541 246 636 IIiIi,
273 554 316 620 ut
336 540 471 616 facile
467 537 633 640 judicas,
665 539 795 617 talibus
820 537 934 614 hodie
958 561 1085 615 vacare
1112 561 1189 614 non
1218 515 1329 630 licet,
1359 537 1418 618 sed
1445 565 1516 620 nec
1556 615 1613 666 um

122 659 205 736 Tibi
238 656 427 746 suaserim,
455 670 497 733 ut
521 655 727 754 hujusmodi
760 655 872 732 rebus
902 659 1065 736 animum
1102 656 1205 732 valde
1227 659 1400 736 intendas.
1525 687 1532 732 '.

206 773 305 852 Mihi
327 797 409 850 non
437 772 478 849 lit
502 770 690 850 verifimile
722 787 986 860 Roorrun
987 774 1097 849 latere
1117 773 1180 850 sub
1197 774 1322 851 litteris
1340 769 1383 852 F.
1399 769 1450 853 D
1466 768 1506 856 C

114 883 215 973 Alb.
236 885 348 969 ‚Vall
369 894 452 992 quia
473 890 559 979 ille,
598 906 639 966 ut
667 890 862 989 intelligo,
899 891 1104 968 constanter
1128 890 1273 969 alienus
1301 894 1352 968 est
1376 918 1395 970 a
1421 893 1510 974 ¹Cal·

122 1007 204 1085 culo
244 1009 414 1106 nostro,·
422 1022 565 1092 atvero
591 1007 651 1094 hic
682 1007 727 1084 de
751 1031 797 1085 eo
825 1031 901 1086 non
926 1010 1055 1110 inique
1065 1009 1233 1107 judicat:
1247 1033 1294 1088 an
1315 1033 1402 1088 vero
1430 1034 1508 1089 reo

119 1125 260 1202 trusus
292 1123 358 1214 fit,
384 1128 595 1204 examinare
625 1147 703 1200 non
726 1128 874 1203 vacavit.

1541 504 1644 580 ¹708»

204 1243 300 1322 Cum
332 1241 531 1322 Rorrro
556 1243 682 1322 olim
672 1267 709 1320 in
741 1243 894 1326 Calculo
909 1241 1041 1320 nostro
1061 1244 1266 1343 sugillando
1279 1245 1506 1346 conspirabat
1591 1343 1596 1350 1

28 1415 30 1440 r
112 1356 150 1439 I.
180 1357 359 1442 Goure
385 1350 537 1466 Jefuita
562 1352 783 1438 Claramon
772 1383 915 1449 anus,
954 1363 1018 1459 qui
1053 1364 1162 1438 etiam
1201 1364 1369 1439 effecerat
1400 1368 1506 1441 utin

117 1467 317 1556 Memorio
351 1471 615 1562 Trevultianir
643 1479 807 1580 quaedam
833 1477 1041 1564 mordacia,
1068 1477 1128 1554 sed
1155 1504 1276 1555 revera
1301 1482 1424 1580 inepta
1448 1484 1505 1558 in·

111 1593 320 1673 sererentur.
380 1595 438 1672 lsti
469 1595 639 1674 homines
666 1618 743 1673 non
779 1595 989 1692 intelligunt
1017 1617 1085 1671 nos
1126 1597 1163 1671 in
1197 1593 1409 1674 Geometrie
1441 1611 1505 1674 ant

115 1710 250 1812 Analyfi
279 1714 397 1792 nostra
436 1716 586 1788 minime
602 1711 742 1788 nabere
775 1735 870 1812 opus
899 1710 1151 1788 controversus
1180 1704 1429 1816 metaphysicis
1446 1715 1519 1791 de·

116 1827 379 1930 compositione
421 1833 610 1922 continui„;
651 1853 735 1910 curn
775 1825 952 1910 sufficiant
983 1826 1169 1912 Indefinite
1193 1853 1301 1930 parva
1328 1889 1338 1920 ,
1369 1831 1409 1908 id
1451 1831 1502 1908 est

116 1958 183 2022 tam
205 1973 313 2048 parva
337 1962 379 2025 ut
403 1964 503 2025 error
525 1945 586 2024 fiat
624 1948 746 2024 minor
772 1945 857 2022 dato
880 1969 891 2038 ;
919 1944 977 2022 vel
1006 1945 1109 2047 quod
1131 1949 1265 2024 eodem
1292 1948 1409 2043 redit,
1429 1949 1502 2026 ob-

114 2061 236 2150 servari
260 2065 425 2163 regulam
462 2067 709 2146 continuitatis
739 2088 759 2141 u
785 2087 845 2140 me
873 2061 1071 2163 aliquando
1093 2065 1131 2138 in
1160 2057 1330 2144 Novellis
1360 2063 1501 2142 lietera·

113 2179 174 2256 riis
199 2178 325 2292 noym·
355 2179 578 2281 propositam
593 2239 607 2269 .,
635 2205 713 2282 quae
746 2180 850 2279 jubet
874 2195 915 2256 ut
945 2179 1041 2256 casus
1073 2179 1233 2279 specialis
1270 2187 1322 2259 rei
1356 2183 1499 2261 evanes·
1594 2193 1601 2204 '

113 2302 221 2382 ocutis
260 2303 490 2378 contmeatur
523 2298 588 2393 lub
614 2298 746 2396 regula
772 2297 964 2396 generali,
994 2295 1100 2396 quod
1139 2302 1284 2381 axioma
1318 2305 1433 2380 etiam
1457 2304 1498 2380 iu

110 2408 262 2516 Phylicis
285 2415 373 2494 utile
395 2414 463 2493 elle
481 2415 639 2495 ostendi.

192 2533 281 2610 Non
307 2535 459 2609 memini
487 2533 623 2633 aliquid
647 2532 770 2609 audite
796 2531 841 2608 de
871 2529 1262 2620 Monrnonnro,
1287 2537 1350 2633 qui
1379 2535 1424 2612 de
1441 2534 1496 2610 lu·
1572 2629 1575 2636 Ι
1617 2625 1619 2631 Α

108 2645 164 2724 -dis
200 2651 355 2732 fortunae
389 2638 538 2727 {librum
563 2663 677 2748 parat.
726 2645 789 2750 (r)
823 2645 968 2724 Vellem
1003 2650 1087 2728 hoc,
1114 2663 1371 2747 argumentum
1401 2652 1494 2727 bene

106 2767 337 2845 trutinetur:
371 2765 441 2843 Sed
472 2769 509 2843 ἃ
534 2763 696 2875 Domini
726 2759 873 2842 Fratris
901 2765 973 2842 Tui
985 2824 1000 2854 a,
1029 2769 1336 2866 piaememoriae,
1370 2751 1494 2842 n'redi·
1563 2853 1567 2860 ,

112 2887 260 2962 tationes
290 2885 335 2962 de
359 2881 499 2961 talibus
537 2885 667 2959 vellem
705 2908 781 2960 non
811 2886 936 2983 perire.
980 2883 1107 2960 Credo
1148 2887 1246 2960 enim
1283 2883 1422 2982 aliquid
1450 2888 1489 2960 in

111 3001 174 3078 illis
209 3006 287 3080 fore
317 3027 395 3077 non
433 3001 682 3100 spernendum.
744 3000 788 3080 Et
811 3005 964 3078 omnino
999 3013 1163 3098 optarem
1183 3001 1306 3077 seledo
1333 3025 1380 3077 ex
1408 3001 1488 3100 ipso

111 3117 300 3222 aliquando
333 3123 370 3195 in
397 3119 517 3196 lucem
542 3117 712 3222 proferri.
756 3117 913 3197 Utilitntr
942 3120 1039 3194 enirn
1064 3116 1219 3216 publice
1240 3119 1389 3197 consuli
1408 3143 1489 3198 om-

126 3237 229 3312 nibus
253 3237 373 3312 modis
388 3237 514 3316 uelint.
919 3327 921 3334 y
1392 3266 1395 3278 ·

190 3353 333 3431 Dantur
368 3353 602 3430 hauddubie
634 3373 750 3428 curvae
788 3349 1013 3452 munigmbae
1052 3351 1123 3430 srne
1148 3355 1246 3434 flexu
1277 3353 1487 3442 eontrarIoJ

111 3470 143 3543 &
174 3474 261 3549 tales
292 3469 359 3546 elle
381 3485 458 3546 turs
487 3495 525 3544 re
555 3465 775 3545 consrdcrata
801 3485 929 3571 patet3
961 3469 1021 3547 sed
1050 3471 1133 3573 quia
1166 3475 1249 3550 alias
1277 3473 1366 3572 laepe
1387 3477 1486 3546 *inter

109 3587 300 3682 gibborum
329 3590 577 3664 convexitates
611 3587 815 3662 concavitas
846 3590 1067 3666 intercedere
1101 3587 1219 3682 solet,
1249 3591 1335 3663 ideo
1359 3588 1404 3662 ad
1430 3589 1486 3664 in·

109 3711 305 3803 tegritatenr
340 3705 654 3780 demonstrationis
688 3699 762 3778 hoc
794 3704 909 3806 ipsum
946 3707 1081 3782 utiliter
1124 3705 1380 3782 admonebitur
1416 3701 1485 3780 elle

110 3823 274 3899 cararad
304 3821 443 3898 easdem
470 3834 616 3922 partes,
641 3823 883 3921 provocando
916 3823 961 3898 ad
991 3823 1291 3898 constructionem
1308 3843 1323 3910 ·;
1347 3819 1484 3921 alioqui
1535 3908 1536 3914 ἵ
1672 3891 1683 3900 .

104 3935 223 4017 ledori
256 3941 368 4036 prima
398 3940 518 4015 fronte
539 3937 836 4050 suspectatideri
865 3937 982 4038 potest
1006 3937 1274 4012 demonstratio.

190 4057 343 4142 AmIcus
376 4055 525 4164 quidum
562 4056 653 4132 milri
683 4054 803 4134 dixit:
840 4055 895 4247 ‘lg
912 4058 1049 4249 din-jo
1073 4049 1175 4143 elle,
1208 4065 1249 4130 ut
1282 4053 1482 4251 εᾶἒὲἒξέε

196 4411 256 4504 (I)
290 4411 369 4510 Effrr'
384 4407 548 4504 d'Anrlyse
562 4409 622 4502 sur
637 4407 685 4482 der
705 4409 783 4500 jem
798 4405 1093 4486 daimonareis
1113 4417 1225 4500 1708.
1250 4409 1297 4500 4'.
