4134 5554
178 341 1035 466 trrn'rr'rrrrrrnrnrrourrrr‚
1065 378 1189 454 ensa.
1213 375 1392 455 cxcrr.
1435 397 1504 474 27³

107 512 189 588 iud
215 515 415 616 prudenter
433 530 595 615 monet,
611 516 790 596 Proeeres
817 511 932 592 Vener
935 539 972 591 or
997 513 1122 592 amisso
1150 512 1186 592 G
1198 537 1222 592 u
1241 541 1326 595 ιιι
1342 541 1354 594 ι
1371 526 1635 624 serii-1412

118 653 147 706 ιι
164 654 190 706 0
225 632 337 712 talem
375 634 582 736 quaesituros
618 634 957 721 Mathematicum,
1003 635 1065 732 qui
1111 634 1220 709 etiam
1259 638 1305 712 ci
1295 660 1352 712 ca
1385 635 1602 712 curamMai.

113 769 303 846 aquarum
330 752 429 828 utilis
467 749 535 830 effe
564 752 679 853 poisrt.
747 751 874 851 Itaque
896 773 1074 847 magnum
1101 751 1247 848 pondus
1277 744 1541 842 habiturum,

117 859 147 936 fi
179 887 201 942 a
233 865 401 948 Domino
429 868 571 969 agnam
608 885 708 960 tuo,
737 869 869 967 sagacis
904 871 1030 970 utique
1056 869 1197 964 ingenii
1233 866 1403 968 Juvene,
1435 843 1535 948 tale

120 981 217 1078 quid
246 985 425 1084 experiari
455 983 582 1088 poiiet.
645 985 768 1082 Quare
799 985 957 1061 mihim
985 998 1146 1060 mentem
1178 990 1308 1073 uenit,
1345 986 1507 1063 retteil-

117 1096 202 1175 lum
233 1101 487 1192 &dictumst
518 1107 805 1206 quam-primum
826 1103 917 1182 huic
941 1105 1095 1200 negotio
1109 1106 1282 1180 animum
1312 1104 1504 1203 applicet,

120 1211 162 1293 dr
195 1243 237 1294 re
267 1217 414 1298 ‘fecum
438 1224 730 1310 communicata,
761 1223 821 1298 cui
848 1219 939 1296 riihil
965 1223 1004 1295 in
1030 1217 1087 1295 his
1117 1221 1222 1296 ribus
1249 1221 1403 1297 arduum
1429 1222 1504 1316 est,

117 1335 389 1435 promulfidenr
431 1339 589 1439 aliquam
629 1339 712 1416 edat
745 1341 787 1414 in
822 1337 926 1425 hoc,
956 1335 1061 1413 unde
1086 1335 1195 1434 ¹spem
1221 1337 1283 1412 ilii
1312 1341 1508 1435 concipere

115 1449 289 1551 queant,
312 1453 509 1533 accedente
538 1456 613 1556 ipsa
649 1455 778 1532 harum
806 1477 927 1530 rerum
955 1453 1181 1541 tractatione,
1216 1452 1379 1531 finarum
1403 1453 1510 1532 ilium

122 1569 161 1644 in
188 1593 237 1647 eo
264 1595 398 1672 genere
425 1573 554 1652 utilem
569 1561 802 1670 *Reipublicae
824 1571 903 1648 iure.
943 1568 992 1648 Ἑι
1012 1569 1178 1646 Τιιιιεειει
1194 1571 1248 1649 eu
1262 1595 1327 1672 per
1351 1571 1384 1648 [e
1402 1595 1509 1670 egre-

120 1689 211 1786 gia,
241 1679 305 1777 δι’,
331 1711 407 1766 ιιοιι
436 1693 559 1768 minas
577 1691 630 1767 ob
654 1689 887 1766 subtilitatem
915 1711 1025 1788 quam
1048 1687 1242 1777 obuium,
1268 1683 1357 1767 scitu
1385 1687 1506 1789 digna.

125 1805 162 1880 Si
191 1821 407 1884 excurreret
438 1807 483 1885 ad
510 1805 693 1904 Batavos,
721 1808 849 1904 ibique
884 1807 1027 1905 aquaria
1060 1829 1173 1905 opera
1194 1803 1432 1906 inspiceret,
1468 1807 1509 1886 id

125 1922 327 2020 plurimum
353 1923 397 1998 ad
420 1924 782 2003 commendationem
803 1923 919 2000 facere
940 1919 1070 2020 posset.
1130 1920 1203 1998 Sed
1220 1921 1307 2001 -haec
1332 1947 1410 2000 mea
1430 1909 1511 2003 sunt
1637 1987 1643 1999 r

126 2043 308 2137 cogitata,
338 2064 418 2140 quae
457 2039 546 2118 Tuis
571 2037 798 2128 summitto,
833 2039 990 2139 profetia
1028 2062 1075 2115 ex
1108 2042 1252 2138 optimo
1287 2043 1436 2129 animo,
1471 2043 1511 2118 δι

125 2157 229 2232 robis
260 2156 298 2232 &
323 2153 546 2258 Reipublicae
569 2183 642 2258 cop
644 2156 791 2239 sulendi,
818 2206 1506 2235 ...................

161 2323 423 2466 Ummium
460 2393 640 2490 Agnatum
671 2403 776 2468 tuom
811 2413 907 2488 rogo
943 2402 984 2464 ut
1022 2413 1042 2464 a
1081 2411 1141 2463 me
1175 2379 1341 2485 salutes;
1371 2393 1401 2466 is
1431 2413 1511 2466 rem
1613 2372 1617 2380 ¹

127 2503 359 2603 gratiffimam
379 2507 518 2598 faciet
545 2507 571 2584 ti
613 2507 809 2608 aliquando
833 2504 1087 2581 meditationes
1118 2505 1193 2580 suas
1228 2527 1376 2582 mecum
1407 2529 1510 2583 com·

128 2624 354 2712 manicabit,
387 2628 424 2702 &
453 2649 533 2723 quae
558 2630 596 2702 in
624 2649 664 2702 re
695 2624 864 2700 litteraria
890 2633 1042 2718 agantur
1069 2619 1230 2698 docebit.
1291 2620 1379 2697 Non
1406 2621 1511 2698 dubi-

126 2753 168 2818 to
192 2741 283 2840 quin
312 2741 508 2838 pturimum
542 2742 782 2846 eiprofuerit
813 2741 881 2822 iter
914 2732 1036 2814 Paria
1024 2760 1137 2814 muron
1197 2737 1334 2818 Annon
1375 2739 1514 2838 sperare

127 2855 229 2932 licet
245 2855 380 2936 inedita
412 2859 575 2959 quaedam
603 2860 743 2936 utilia
726 2883 772 2936 ιιι
800 2851 958 2936 Domini
981 2849 1127 2934 Fratris
1149 2857 1337 2958 quondam
1361 2859 1417 2933 tui
1442 2849 1515 2958 Ja-

127 2967 208 3048 cobr'
232 2971 369 3051 schedis
395 2976 515 3054 adhuc
535 2977 703 3062 latentia
736 2979 775 3055 in
798 2974 918 3051 iucem
948 2961 1146 3074 proditura.

215 3087 276 3166 Tu
303 3114 475 3192 quoque,
504 3117 590 3170 cum
616 3095 730 3170 muita
756 3089 878 3171 adhuc
912 3091 1078 3190 praeclara
1110 3089 1207 3172 haud
1236 3089 1391 3166 dubie
1379 3111 1418 3162 in
1447 3059 1514 3164 nu-

129 3220 270 3286 merato
299 3207 462 3300 habeas,
491 3213 670 3290 velintne
704 3211 956 3294 meditationes
981 3222 1058 3284 tuas
1083 3211 1200 3306 perire
1222 3205 1349 3294 sinas,
1379 3201 1538 3306 quibus

128 3345 243 3400 nemo
268 3329 425 3424 pretium
447 3351 586 3425 ponere
609 3352 669 3404 me
690 3326 777 3406 scit
786 3320 926 3406 metius
989 3323 1159 3424 Inprimis
1177 3339 1311 3423 optem
1344 3337 1386 3402 ut
1411 3321 1514 3416 cogi-

128 3453 183 3516 tes
210 3441 257 3516 de
276 3439 430 3518 Mathesr
457 3447 571 3541 magis
604 3445 787 3542 magisque
826 3431 880 3517 ad
903 3454 1069 3517 naturam
1104 3442 1327 3554 applicanda
1386 3433 1513 3532 Digna
1674 3521 1676 3542 s

128 3553 185 3633 Te
212 3555 295 3634 sunt
326 3583 407 3660 quae
439 3559 484 3636 de
521 3559 689 3636 musculis
715 3559 859 3652 dedisti3
893 3558 974 3634 talia
998 3557 1122 3658 plura
1129 3561 1212 3635 dare
1248 3555 1391 3656 portes,
1432 3571 1513 3649 quae
1595 3617 1599 3636 .

130 3673 236 3749 usum
266 3674 497 3753 ostenderent
531 3667 742 3753 Matheseos
774 3679 888 3753 etiam
909 3680 949 3754 in
975 3701 1014 3751 re
1048 3677 1199 3751 medica.
1261 3672 1337 3748 Scis
1361 3689 1514 3764 magnas

130 3811 231 3866 nunc
257 3786 325 3866 esse
351 3792 464 3870 lites
455 3817 493 3868 m
525 3789 686 3896 Angiia,
716 3796 755 3869 in
790 3787 972 3876 Batamir
1005 3795 1043 3866 in
1079 3785 1228 3882 Gallia,
1258 3786 1303 3862 de
1340 3785 1403 3860 osu
1432 3778 1516 3860 Me
1619 3823 1626 3834 ·

128 3907 341 3990 chaumes
331 3932 368 3982 in
400 3909 605 3988 Medicina.
637 3909 785 4012 quidam
810 3923 947 4007 negant
974 3911 1101 3982 omnia
1130 3905 1207 3979 fieri
1234 3902 1486 3980 mechanice
1475 3925 1516 3979 m

121 4023 340 4100 mserum
364 4047 566 4126 corporum
594 4029 821 4114 autminus,
854 4030 892 4106 ia
922 4045 1082 4122 quorum
1108 4043 1262 4097 nuncto
1293 4008 1344 4099 est
1369 4019 1517 4096 Sasu-

127 4161 245 4216 ιιιιι
269 4139 363 4234 itte,
388 4148 452 4242 qui
469 4167 545 4242 per
570 4143 705 4221 litteras
731 4141 1080 4234 decucurrerit,
1108 4136 1169 4215 ivd
1211 4140 1321 4224 oredo
1352 4137 1521 4236 semetip-

132 4258 209 4334 sum
241 4279 315 4331 non
340 4259 418 4336 satis
441 4261 620 4364 intelligit.
682 4258 845 4351 Quidum
869 4269 1002 4338 eontra
1023 4259 1155 4334 omrria
1175 4270 1313 4356 putant
1345 4258 1519 4356 expicati

134 4400 154 4452 a
191 4373 300 4448 nobis
327 4375 427 4472 poue
457 4377 675 4453 mechanice
723 4375 806 4472 Ego
834 4377 967 4450 neutris
999 4375 1159 4453 accedo:
1201 4371 1338 4453 Omnia
1364 4375 1517 4471 quidem

135 4503 171 4580 io
189 4489 257 4566 his
285 4495 490 4574 mechanice
519 4492 636 4584 fiunt,
664 4493 725 4572 sed
755 4495 924 4573 nondum
955 4515 1000 4567 eo
1034 4491 1149 4600 usque
1183 4494 1337 4596 proiecti
1367 4492 1515 4579 sumus,

229 4599 322 4688 Tam.
359 4603 414 4692 lt
849 4642 852 4647 ·
962 4607 1056 4716 Mna
1475 4619 1523 4689 ut
