4200 5564
184 345 521 468 triennali
545 381 617 454 ar
639 381 1054 478 nunnae-ram,
1075 386 1246 475 nei-sa.
1280 389 1417 470 extu.
1470 415 1529 492 m·

16 531 19 586 s
123 525 376 605 Geometrica
414 519 473 598 vel
513 513 772 618 Metaphylieae
802 519 1016 602 aeceffitatis
1054 522 1341 623 'elle-ostenden
1373 525 1642 629 Nempe11703.

16 713 17 726 n
123 643 311 748 quidquid
337 662 466 720 verum
496 635 545 713 est
572 633 619 738 de
643 647 751 712 motu
767 648 869 715 terta
893 639 1051 740 duorum
1082 657 1253 730 motuum
1278 643 1520 747 compofitio-
1533 613 1679 686 Nm

123 787 175 842 ne
198 763 321 850 fatto,
361 757 400 834 id
429 776 556 836 uenam
582 754 692 830 etiam
723 748 791 830 elle
829 754 875 833 de
904 772 1011 835 motu
1041 761 1200 858 ejusdem
1236 761 1444 842 diretlionia
1477 756 1519 844 &

16 897 17 930 ¹
125 879 335 958 velocitatis
361 874 480 952 libero
503 885 566 950 aut
589 869 659 950 alia
688 869 957 969 compofitioue
986 876 1103 973 satem
1127 893 1235 982 atque
1260 884 1313 958 ita
1344 883 1409 984 qui
1437 871 1521 960 eor·

125 1021 271 1099 porum
299 999 338 1072 in
365 995 449 1070 navi
472 1004 573 1068 mota
604 991 905 1068 concurrentium
928 1007 1033 1072 motu
1054 1000 1240 1098 apparenti
1262 1021 1309 1076 ex
1333 1001 1410 1100 ripa
1442 1001 1523 1076 oti·
1613 1051 1615 1056 -

125 1129 190 1192 tur
218 1111 361 1190 effeetus
394 1133 570 1212 apparens
599 1109 638 1183 io
672 1106 799 1184 eadem
821 1108 924 1208 ripa3
949 1110 1050 1190 hunc
1069 1117 1249 1194 oriturum
1266 1117 1401 1205 etiam,
1420 1113 1522 1194 lina-

125 1234 165 1308 ei
206 1233 248 1308 aa
285 1229 392 1308 alveo
434 1252 534 1330 aquae
566 1223 706 1302 sublato
736 1222 795 1300 uel
818 1224 858 1300 in
891 1225 965 1326 ipsa
990 1230 1068 1328 ripa
1093 1229 1193 1306 idem
1224 1234 1521 1311 concurrentium

130 1361 259 1430 motua·
282 1361 501 1438 cerneretur.
543 1341 628 1422 Hoc
642 1342 861 1442 principium
886 1365 1082 1422 erroneum
1105 1345 1201 1424 male
1229 1351 1372 1448 putauit
1402 1347 1522 1428 Hono·

132 1480 240 1544 ratus
270 1461 523 1556 linantur,
555 1483 642 1538 cum
672 1455 896 1538 Krauunr
920 1461 959 1537 &
992 1461 1244 1542 Canausrr
1275 1466 1430 1544 modum
1461 1465 1523 1542 de·

132 1581 356 1662 monstrandi
385 1581 624 1682 aequalitatem
648 1575 854 1654 incidentiae
883 1569 1150 1657 &reflexiones
1172 1597 1377 1682 oppugnet.
1423 1579 1524 1660 lute-

134 1704 226 1796 rim‚
253 1715 394 1778 eventu
427 1702 540 1796 magis
570 1718 680 1798 quam
718 1692 1026 1774 demonstratione
1056 1697 1271 1788 netellaria,
1292 1700 1367 1778 hoc
1387 1701 1526 1800 princi·

135 1822 236 1921 pium
261 1821 358 1896 varie
389 1813 583 1916 compositi
609 1825 731 1889 motus
759 1811 858 1886 idem
886 1809 1073 1890 efficientis
1089 1815 1234 1893 stabiliri
1252 1815 1522 1914 fatendamem
1672 1847 1677 1852 ·

135 1961 252 2036 neque
277 1936 419 2012 causam
443 1930 683 2034 quarentibus
713 1927 820 2006 aliam
855 1950 1066 2019 occurrere,
1089 1927 1198 2034 quarn
1228 1931 1456 2012 harmoniam
1481 1931 1524 2010 fi-

136 2077 177 2129 ee
204 2052 470 2152 perfectionem
495 2072 639 2140 rerum;
670 2071 689 2122 a
725 2069 797 2146 qua
833 2046 872 2122 io
907 2048 1111 2128 universum
1146 2073 1270 2128 verum
1288 2053 1339 2130 est
1363 2049 1524 2154 pendere

138 2169 232 2270 leges
256 2187 403 2256 motus,
444 2185 613 2276 tanquam
642 2161 790 2240 effetlua
822 2169 1007 2260 aupremae
1029 2163 1200 2257 Mentis,
1237 2192 1317 2248 non
1350 2195 1376 2248 a
1418 2169 1522 2248 surda

138 2289 287 2388 quadam
321 2287 560 2372 uccessitnte,
594 2281 708 2382 qualis
733 2283 957 2378 geometrica
993 2281 1052 2358 est
1098 2279 1238 2362 Verum
1279 2286 1431 2388 quidem
1472 2287 1524 2364 eii

139 2407 276 2480 easdem
314 2401 381 2478 effe
416 2405 566 2480 (lonicae
603 2399 779 2474 sectionis
811 2397 1048 2496 proprietates
1073 2387 1145 2501 [ut
1180 2404 1354 2504 exemplo
1380 2397 1525 2512 utar,]
1584 2413 1588 2418 “

139 2519 206 2598 live
234 2531 353 2598 motu·
372 2523 408 2596 in
438 2522 583 2620 plano,
610 2514 680 2592 five
704 2513 858 2590 sectione
888 2509 995 2590 solidi
1021 2519 1270 2612 construatur3
1297 2519 1356 2597 led
1383 2521 1434 2596 ibi
1450 2543 1527 2596 cer·

144 2650 188 2716 to
214 2639 438 2736 pronuntiari
472 2633 616 2734 potest,
644 2653 753 2708 unam
779 2629 910 2704 lineam
931 2633 976 2706 ab
1000 2627 1110 2712 altera
1141 2655 1217 2724 oon
1249 2633 1409 2722 differre,
1430 2657 1530 2742 quo-A

145 2758 263 2841 niam,
288 2755 392 2832 causa
432 2769 602 2837 remota,
632 2745 852 2825 subfistunt:
883 2747 946 2824 nst
977 2747 1070 2828 duos
1106 2763 1256 2856 motus,x
1287 2753 1351 2852 qui
1371 2749 1523 2830 -diverio

145 2871 256 2950 modo
286 2874 568 2973 producuntur,
597 2890 681 2944 cum
714 2862 797 2966 post
831 2864 973 2942 causam
1003 2882 1181 2948 remotam
1220 2871 1372 2946 minime
1402 2865 1525 2946 subus·
1558 2867 1560 2872 ’

147 3003 240 3078 tant,
267 3013 348 3066 non
364 3013 468 3090 aeque
495 2983 641 3064 eosdem
669 2983 906 3086 pronuntiare
935 2983 1047 3073 licet,
1074 3009 1144 3064 nec
1172 2986 1311 3066 causam
1338 2985 1524 3088 phyficam

142 3109 194 3185 vel
209 3112 474 3207 geometricam
489 3106 664 3208 reperias,
684 3124 749 3178 cur
773 3121 933 3198 corpus,
958 3105 1041 3176 navi
1067 3102 1161 3180 forte
1191 3103 1393 3204 impedita,
1422 3126 1522 3204 aper-

143 3239 181 3302 to
205 3228 245 3302 in
273 3248 384 3326 prora
413 3229 539 3311 exitu,
570 3222 609 3296 in
632 3219 754 3294 stabile
768 3217 917 3315 planum
944 3217 1095 3294 exiliens
1122 3221 1263 3298 easdem
1297 3220 1393 3320 leges
1404 3220 1519 3321 sequi,
1686 3307 1689 3314 ¹

144 3343 244 3421 &ut
269 3339 319 3418 fic
352 3343 491 3430 dicam,
518 3333 717 3429 meminisse
745 3333 877 3411 debeat
902 3356 1137 3437 eorumquae
1171 3339 1208 3414 iu
1243 3344 1324 3416 navi
1346 3337 1482 3416 fiebant
1509 3369 1521 3426 t
1618 3379 1622 3388 ·

143 3481 219 3561 quae
260 3459 404 3538 nullum
437 3459 489 3536 sui
524 3455 715 3554 uestigium
745 3450 932 3551 reliquere.
973 3450 1074 3529 Idem
1109 3455 1160 3531 est
1187 3459 1224 3531 in
1262 3457 1433 3534 omnibus
1461 3451 1523 3529 de-

143 3577 363 3656 monstrandi
388 3574 600 3666 Methodis3
625 3571 758 3672 quibus
790 3568 852 3658 hic
886 3571 1046 3666 utimur;
1070 3573 1233 3672 exempli
1264 3575 1387 3662 causa,
1420 3571 1523 3670 quod

143 3717 296 3794 corpora
325 3695 580 3773 concurrentia
602 3688 640 3766 id
669 3685 854 3766 observare
880 3687 1038 3776 debent,
1062 3701 1103 3766 ut
1123 3693 1198 3767 vim
1225 3688 1362 3768 nullam
1392 3685 1451 3762 vel
1466 3711 1524 3766 ac·

145 3817 279 3912 cipiaot
302 3813 359 3892 vel
384 3811 566 3899 tribuant,
600 3827 797 3908 perquam
832 3797 890 3880 vel
917 3805 1022 3879 nimis
1052 3830 1180 3906 parum
1206 3803 1262 3884 vel
1295 3807 1451 3882 nimium
1473 3807 1525 3884 as·

145 3927 283 4029 surgere
306 3929 463 4032 poffint,
505 3951 558 4024 ne*
581 3923 718 4003 scilicet
739 3919 938 3998 relabendo
952 3919 1107 4000 effestus
1138 3925 1269 4020 potior'
1287 3936 1349 4002 aut
1374 3922 1523 4004 inferior

145 4048 240 4124 caula
270 4044 695 4149 oriatur3nequeenim
725 4037 774 4126 est
805 4037 937 4115 inillis
967 4039 1116 4116 cavendi
1150 4039 1359 4118 intelleiiua.
1404 4037 1523 4121 Est&
1661 4103 1666 4108 .

146 4163 237 4240 aliud
262 4168 512 4265 principium,
549 4185 596 4241 ex
624 4183 700 4262 quo
731 4155 841 4234 semel
875 4153 1025 4254 admillo
1062 4157 1161 4254 leges
1188 4171 1355 4237 motuum
1383 4157 1524 4241 ostendi

14 4347 16 4372 ,
144 4279 320 4380 poliunt,
344 4305 476 4383 nempe
493 4279 607 4384 ,quod
630 4277 730 4354 idem
760 4270 800 4348 fit
829 4273 940 4364 irtus,
968 4271 1140 4374 idemque
1171 4301 1189 4352 a
1216 4278 1250 4354 se
1279 4281 1437 4354 invicem
1468 4304 1524 4357 re·

14 4403 15 4416 '
145 4395 298 4477 cedendi
326 4413 500 4489 conatus,
525 4391 790 4476 modoeadem
811 4383 853 4466 fit
871 4389 1031 4478 celeritas
1056 4398 1418 4497 appropinquationia
1434 4417 1523 4473 con-

146 4521 394 4615 currentium
424 4521 474 4597 ita
503 4529 545 4598 ut
577 4535 657 4593 non
682 4507 813 4591 referat
840 4509 920 4704 quis
949 4509 989 4584 in
1013 4511 1183 4595 alterutro
1217 4511 1260 4594 fit
1282 4529 1426 4592 motus:
1446 4511 1520 4705 hsed

201 4657 204 4666 ·
469 4651 471 4654 ·
618 4633 634 4644 ”
684 4635 736 4662 ”
811 4655 815 4660 ·
932 4644 956 4706 a
1092 4633 1098 4640 '
1359 4661 1361 4668 ¹
1474 4627 1522 4711 'oc
