4166 5558
538 362 608 451 378
652 346 1875 462 continenti-urrurrcnotrcum.·

362 524 469 611 1716.
539 511 608 590 pro
631 491 813 569 solutione
829 487 999 592 Exempli
1025 487 1210 592 postremo
1235 511 1334 570 ame
1350 486 1554 579 nansmiffi,
1579 491 1747 572 dederint
1764 490 1957 594 aliquam

359 618 454 694 Maii
539 609 784 710 aequationem
813 605 853 684 in
891 629 963 710 qua
992 603 1287 686 indeterminatas
1313 631 1399 684 cum
1435 605 1504 684 suis
1532 599 1835 689 differentialibus
1875 603 1956 686 fibi

539 739 670 804 mutuo
689 727 868 805 intricatas
889 723 1156 830 observaverim
1175 723 1411 805 nullomodo
1435 727 1738 826 acquiescendum
1761 733 1857 816 erit,
1877 729 1955 806 sed

372 881 377 887 ·
536 829 772 922 ¹inlrltendum
803 843 840 918 te
867 843 1094 941 urgendum,
1123 855 1164 919 ut
1194 841 1296 944 quod
1326 843 1479 944 superest
1503 843 1713 935 absolvant,
1746 847 1955 948 separent-

542 983 615 1062 que
642 985 662 1038 a
686 965 718 1038 le
746 963 908 1040 invicem
931 960 1249 1050 indeterminatas,
1277 959 1353 1040 fine
1374 981 1451 1062 quo
1466 961 1614 1060 gloriari
1637 987 1715 1040 non
1738 977 1898 1066 queunt
1912 962 1951 1042 sc

465 1115 469 1131 ·
542 1075 681 1156 solville
706 1073 926 1178 Exemplum
954 1071 1047 1156 hoc:
1072 1075 1123 1156 est
1146 1081 1245 1156 enim
1268 1101 1316 1156 ex
1335 1101 1462 1156 eorum
1494 1103 1671 1168 numero,
1700 1083 1767 1158 'ubi
1795 1082 1951 1184 separa-

544 1199 598 1274 tio
624 1198 677 1274 ita·
692 1194 871 1284 succedit,
901 1193 1019 1272 licite
1048 1193 1267 1286 tradentur,
1295 1191 1361 1277 'sen
1391 1193 1454 1274 hic
1475 1191 1643 1295 lingum
1669 1201 1828 1300 quadam
1844 1247 1848 1252 v
1863 1213 1953 1279 arte

545 1335 639 1415 opus
673 1314 732 1390 eit
786 1311 1111 1401 Tarannon,
1153 1311 1339 1416 subjungit
1369 1311 1789 1406 Mounuonnrus,
1823 1321 1951 1396 etiarn

545 1427 685 1516 solville
717 1433 817 1532 prius
846 1429 1060 1529 exemplum.
1084 1427 1406 1532 Hyperbolarum,
1443 1445 1521 1510 tum
1556 1435 1664 1510 etiam
1689 1431 1826 1534 jadalle
1854 1493 1872 1525 ,
1911 1433 1950 1510 se

547 1571 699 1652 quoque
726 1549 855 1626 habere
877 1543 1062 1654 Exempla„
1081 1547 1265 1651 quaedam,
1292 1571 1371 1652 quae
1395 1547 1481 1630 Tibi
1505 1549 1653 1628 viciffim
1682 1550 1949 1652 propoliturus

547 1665 614 1756 lit,
646 1665 828 1768 refertque
863 1689 980 1744 unum
1013 1691 1032 1743 a
1057 1663 1303 1744 Teutono
1332 1667 1591 1771 perscriptum,
1619 1670 1723 1770 quod
1747 1671 1822 1748 hoc
1852 1670 1945 1747 eli:

549 1779 811 1864 Detenninare
839 1773 1086 1894 Trry'edorias
1114 1771 1329 1862 amatim
1340 1776 1509 1891 secantes
1543 1809 1686 1864 curves
1708 1783 1841 1892 quibus
1861 1779 1946 1892 refi

547 1889 678 2010 pandet
703 1899 777 1983 bec
806 1927 835 1982 ιτ
858 1901 961 1978 natio
978 1888 1081 1982 aad
1090 1897 1245 1976 dx:-
1261 1925 1284 1982 a
1301 1889 1377 1978 κά
1388 1901 1449 1991 a',
1473 1898 1515 1974 in
1540 1897 1844 2010 quafiepponitur
1873 1903 1944 1985 dz

551 2010 731 2126 corfinum
758 2010 809 2106 ὰ
831 1924 985 2124 definire
995 2030 1173 2096 naturam
1194 2015 1326 2096 berum
1338 2008 1564 2110 cenoman,
1588 2018 1723 2125 quibus
1735 2014 1944 2129 ssaaequa·

552 2138 604 2218 tio
618 2125 811 2246 respondet.
860 2132 944 2214 Post
965 2137 1114 2214 brevem
1128 2135 1410 2238 applicationem
1434 2134 1531 2214 solvi
1545 2139 1621 2216 hoc
1643 2136 1863 2230 Problema,
1903 2141 1942 2216 δι

553 2257 677 2364 postca
703 2257 811 2334 etiam
834 2251 939 2331 solvit
966 2254 1128 2354 Agnatus
1150 2274 1275 2344 meus,
1300 2254 1483 2354 amboque
1509 2257 1713 2334 invenimus
1747 2257 1851 2357 quod
1877 2259 1944 2332 tri-

554 2374 644 2479 plex
673 2395 861 2454 curvarum
886 2369 1029 2471 species,
1046 2367 1233 2458 satisfaciat
1258 2369 1453 2472 aquatiooi
1471 2368 1525 2450 illi
1540 2359 1760 2454 radda:
1775 2397 1836 2453 ax
1849 2371 1940 2460 ἀπ’,

554 2514 691 2590 nempe
718 2487 928 2576 Parabolos,
947 2485 1200 2589 Hyperbolu,
1222 2487 1259 2564 de
1272 2485 1610 2590 ‚Curvasquasdam
1635 2513 1716 2590 quae
1732 2489 1811 2568 sont
1828 2494 1941 2568 trium
2077 2543 2078 2586 ;

556 2607 835 2690 dimetrfionum.
865 2603 982 2700 Quod
1008 2605 1156 2692 linono
1179 2601 1451 2692 Parabolaeillae
1475 2605 1684 2686 normaliter
1710 2605 1795 2686 sunt
1819 2609 1942 2686 secan-

555 2725 633 2814 dae,
661 2725 728 2802 erit
749 2723 1105 2825 Trajeiloria-aliqua
1131 2719 1289 2826 Ellipsrs:
1310 2719 1335 2797 sr
1358 2745 1443 2801 vero
1463 2719 1686 2828 Hyperbolae
1706 2725 1806 2824 illae,
1830 2727 1940 2804 habe-

558 2843 678 2923 bimus
692 2866 762 2945 pro
786 2839 1041 2938 Trajettoriis,
1072 2839 1153 2918 alias
1179 2837 1410 2940 Hyperbolas
1429 2841 1611 2940 prioribus
1636 2841 1768 2922 ssmiles
1796 2844 1834 2920 dc
1851 2865 1942 2922 con-

559 2964 773 3059 centricas;
812 2954 998 3036 lrffituae'
1026 2957 1096 3034 illa
1132 2958 1243 3032 trium
1269 2955 1537 3036 dimenfionum
1566 2955 1636 3037 fint
1662 2958 1847 3050 secandae,
1873 2961 1942 3038 erit

560 3079 667 3156 etiam
685 3075 904 3178 Trajedoria
933 3075 1068 3152 altioris
1090 3071 1247 3150 ordinis:
1267 3069 1316 3150 lic
1339 3077 1462 3175 itaque
1486 3097 1569 3178 pars
1586 3077 1766 3178 posterior
1793 3077 1941 3157 Proble-

558 3197 664 3270 mat'u
698 3197 878 3294 triplicem
910 3193 1131 3280 solutionem
1155 3189 1334 3270 admittit:
1360 3194 1462 3292 prior
1491 3213 1579 3269 vero
1604 3197 1715 3272 enam
1735 3195 1936 3296 triplicem,

560 3306 627 3389 nili
652 3333 717 3411 per
746 3311 998 3390 conditionem
1021 3310 1203 3412 aliquam,
1228 3307 1658 3410 qualemTrnnonus
1686 3311 1787 3390 addit
1803 3301 1940 3415 [quam

561 3449 651 3509 vero
679 3426 854 3504 nonsatis
879 3424 1075 3526 intelligo]
1105 3427 1333 3526 restringatur
1354 3425 1529 3504 adunam
1548 3427 1707 3530 aliquam
1730 3427 1940 3532 {implicem

623 3543 743 3624 Miror
768 3543 963 3646 quomodo
984 3543 1102 3624 an
1115 3563 1219 3620 non
1233 3563 1286 3620 os
1307 3543 1395 3620 lcire
1415 3547 1577 3642 potuerit
1595 3569 1656 3623 me
1677 3547 1863 3626 auiiorem
1877 3541 1944 3625 elle

421 3735 423 3742 .
564 3661 732 3768 Epistolae
753 3662 867 3756 illius,
893 3683 1002 3764 quam
1031 3657 1138 3736 inseri
1162 3659 1289 3736 narsiti
1325 3659 1454 3737 charta
1485 3661 1537 3738 illi
1566 3675 1695 3742 contra
1721 3664 1760 3742 N
1773 3689 1845 3744 nw
1860 3688 1943 3742 ro-

567 3803 679 3861 uun
710 3781 901 3882 publicata
927 3769 1028 3880 (1)3
1059 3797 1145 3854 cum
1172 3789 1292 3852 tamen
1312 3797 1422 3854 nemo
1443 3775 1651 3858 mortalium
1669 3781 1809 3860 sciverit
1829 3807 1888 3859 me
1903 3779 1945 3859 il·
2076 3855 2077 3888 ,

569 3898 642 3976 lam
665 3895 857 3997 seripsrlle,
884 3893 951 3973 nist
973 3892 1032 3972 Tu
1057 3894 1101 3970 ad
1119 3915 1229 3994 quem
1253 3891 1382 3993 scripta
1408 3893 1478 3986 est,
1507 3896 1635 3995 &ego
1667 3923 1687 3976 a
1714 3921 1790 3999 quo
1818 3895 1945 4002 scripta
2076 3899 2077 3934 ³

570 4013 629 4092 el‘c
663 4011 827 4092 Fortaffis
850 4026 971 4092 autem
996 4009 1171 4114 expreliio
1197 4010 1276 4100 ista,
1298 4023 1370 4116 par
1388 4033 1439 4090 un
1466 4003 1785 4095 Mathematicus,
1806 4039 1855 4098 ou
1864 4011 1946 4124 pre‘-
2076 4019 2077 4052 ¹

570 4119 685 4208 tnrdu
712 4120 1049 4222 Matbe'moticien,
1078 4127 1189 4208 alium
1222 4125 1330 4208 habet
1362 4126 1501 4208 sensum
1526 4153 1634 4231 quam
1660 4146 1798 4237 putas:
1830 4131 1949 4236 potell

573 4247 671 4332 enin
698 4247 806 4324 etiam
839 4250 888 4325 ita
911 4248 1030 4338 fumi,
1056 4243 1151 4347 quasi
1176 4243 1468 4324 Ncwnonus
1499 4247 1716 4338 crediderit,
1754 4247 1946 4352 Epistulam

463 4450 466 4456 ,
567 4365 674 4446 iilam
699 4359 770 4442 elle
796 4361 1053 4465 suppofititiam
1077 4363 1113 4438 δι
1139 4375 1309 4464 tanquam
1336 4359 1644 4444 aMathenntico
1670 4365 1832 4469 quodam
1864 4391 1947 4446 con-

603 4607 672 4707 ¹(1)
699 4605 941 4706 &menapis
965 4607 1254 4688 Larrnrrro
1281 4483 1945 4708 adBowmwxsmbaffm
2075 4611 2076 4620 '
