4288 5564
593 425 641 499 90
722 403 1888 492 COMMERCI'UMEPISTOLICUM.

429 566 532 638 1702.
599 546 865 650 Responfiones
888 540 946 622 Cl.
977 538 1211 618 Vounrrur
1240 543 1276 617 or
1302 539 1519 640 Brurrr,
1550 521 1688 622 ridebis
1723 567 1783 622 me
1814 565 1892 624 non
1917 551 2009 628 tan:

423 647 569 732 Novem.
600 680 680 744 tum
707 667 879 764 scriptum
904 659 1028 738 Tuum
1052 661 1099 739 ad
1130 657 1354 738 Bnrurure
1386 664 1454 740 rite
1479 660 1637 752 curasse,
1668 659 1864 741 sedetiam
1893 666 2003 743 idem

600 785 696 861 illud
718 785 762 860 ab
793 806 839 860 eo
865 783 901 858 δι
930 800 996 878 per
1022 777 1306 856 Vouueuuu
1334 778 1426 856 mihi
1450 777 1633 858 remissum
1662 779 1753 869 effe,
1778 783 1880 882 quod
1894 806 2004 862 nunc

600 906 766 992 retineo,
803 899 925 978 donec
960 895 1049 998 quid
1082 897 1128 973 de
1155 919 1201 972 eo
1228 896 1360 974 sanum
1394 897 1481 974 velis
1509 899 1601 977 mihi
1630 899 1854 994 constiterit3
1891 902 2003 1002 quod

602 1021 665 1124 ubi
695 1019 891 1106 rescivero,
922 1015 1021 1092 nulla
1047 1015 1087 1090 in
1112 1035 1172 1090 me
1202 1035 1308 1092 mora
1331 1005 1422 1104 erit,
1446 1013 1507 1094 sed
1535 1017 1581 1097 ad
1614 1031 1747 1100 nutum
1773 1015 1898 1102 Tuum
1914 1042 2004 1098 om-

602 1139 662 1218 nia
694 1133 959 1252 diligentiisnne
983 1131 1130 1210 curabo.
1181 1129 1282 1210 Vale.

580 1391 582 1400 ·
702 1355 866 1442 Groningae
893 1355 948 1430 18.
977 1345 1182 1422 Novembris
1209 1359 1317 1434 1702.

1097 1536 1374 1653 Amplitudini
1404 1531 1510 1628 Tuae
1536 1539 1825 1638 Derot'rffimus

1525 1759 1555 1866 J·
1603 1767 1903 1850 Bnnuouunr.

668 1987 707 2066 P.
737 1985 770 2064 S.
805 1983 901 2064 Cum
935 2001 1078 2080 nupero
1101 1981 1160 2058 die
1186 1973 1299 2059 Lunae
1325 1977 1461 2058 litteras
1500 1975 1657 2061 Domini
1686 1981 1710 2087 J
1718 1989 1996 2080 nurousxr,'

597 2105 781 2208 inquibus
806 2097 989 2180 Nummus
1004 2095 1143 2176 Aureus
1162 2097 1440 2186 continebatur,
1470 2102 1710 2198 aperuissem,
1741 2106 1994 2207 impetuquo·

597 2225 683 2303 dnn
710 2220 940 2322 Epigramma
970 2212 1146 2315 adjestum
1163 2239 1210 2292 ex
1234 2217 1376 2294 calamo
1401 2217 1569 2316 protinus
1593 2221 1684 2297 mihi
1702 2223 1860 2317 excidit;
1889 2227 1995 2326 quod

594 2343 682 2418 licet
708 2338 797 2414 nihil
822 2338 904 2412 artis
935 2335 1099 2423 habeat,
1138 2355 1223 2412 cum
1256 2346 1376 2411 tamen
1407 2336 1586 2432 exprimet
1612 2337 1767 2418 studium
1796 2363 1931 2421 meum
1950 2345 1991 2418 in

595 2451 766 2559 Regem,
789 2453 932 2532 Tecum
949 2451 1220 2530 communicare
1245 2473 1324 2530 non
1342 2449 1512 2528 dubitavi

816 2683 1252 2776 irroramur
1317 2683 1767 2761 ruurrnrrrum

622 2884 670 2970 ln
694 2877 986 2988 munfficentiam
1013 2873 1232 2990 Sermrffimi
1254 2882 1299 2961 eff
1329 2873 1567 2991 Potentzfflni
1600 2885 1804 2970 Pruisorum
1827 2887 1952 2989 Regis,

595 3001 756 3111 Pretioso
771 2997 937 3085 Numan
959 2999 1085 3080 Aureo
1109 2995 1361 3108 compensamus
1384 3000 1579 3080 inventum
1607 3001 1799 3115 Phosphori
1817 3011 1987 3116 perpetui

887 3147 942 3200 rx
966 3111 1147 3198 mercurio
1158 3112 1232 3224 seu
1262 3131 1412 3221 argento
1442 3117 1537 3199 vivo
1555 3125 1697 3230 parari,
1806 3201 1809 3206 ,

677 3333 773 3423 Cum
798 3337 927 3418 Venus
961 3331 1060 3417 ans
1091 3329 1229 3413 rutilat
1253 3329 1397 3442 radirffcr
1427 3351 1497 3444 per
1528 3335 1672 3439 undas,

752 3451 824 3536 Ex
853 3453 959 3533 undis
993 3447 1106 3531 Titan
1132 3477 1223 3530 mox
1251 3457 1419 3532 oriturus
1448 3453 1532 3531 erit.

671 3565 835 3679 Lucifer
864 3596 945 3650 ecce
964 3597 1104 3662 novus,
1128 3567 1227 3649 nobis
1261 3596 1367 3678 quem
1388 3567 1546 3652 candida
1563 3565 1703 3681 praeber

749 3686 816 3773 M
814 3689 956 3769 eremit·
975 3685 1118 3798 faciem
1143 3715 1186 3767 ne
1195 3683 1281 3796 stne
1310 3685 1393 3769 Sole
1406 3681 1543 3797 foret,

569 3879 573 3886 .
669 3804 734 3890 Sor
763 3835 881 3888 novur
909 3807 1089 3888 exoritur
1104 3799 1213 3915 fhrti
1242 3807 1419 3917 degente
1444 3793 1619 3918 Boruffir,

601 4009 604 4018 ,
747 3924 853 4007 Hinc
879 3926 1006 4018 decus,
1036 3926 1118 4004 hinc
1130 3923 1299 4034 splendor
1320 3915 1519 4037 fulgeria
1548 3922 1634 4006 erbe
1660 3951 1787 4009 nouus.

595 4069 602 4098 f
669 4037 798 4154 Hrq'us
822 4047 907 4122 dum
932 4041 1094 4148 Jubnris
1123 4043 1253 4126 radius
1281 4069 1363 4120 mea
1386 4035 1483 4121 teuta
1504 4029 1726 4152 subintrat,

704 4249 708 4255 .
747 4156 909 4250 Lumine
937 4165 1144 4253 mercurius
1173 4159 1365 4274 uimine
1398 4165 1521 4254 micat.
