4288 5564
796 165 812 212 l

240 255 569 382 raraurrrr
592 303 666 372 rr
693 302 1112 410 arnuourrrr,
1139 305 1297 382 unsa.
1330 310 1437 384 cvr.
1501 325 1545 398 17

201 441 294 522 Non
325 443 422 520 male
455 439 592 526 faciet,
619 432 721 537 quod
753 434 808 512 Te
839 422 1016 512 facturum
1050 431 1274 539 polliceris,
1313 440 1339 518 fi
1369 441 1544 543 paulatim
1565 441 1676 515 1700·

144 563 191 640 ad
222 585 301 636 rern
325 559 513 654 nauticam
547 551 809 631 discutiendam
843 557 1003 630 animum
1037 555 1190 652 adjicias.
1262 557 1307 637 Et
1331 559 1440 638 video
1464 525 1722 640 egmseptemb.

144 693 305 781 partem,
334 699 446 776 quam
471 673 624 750 tranavit
660 667 889 750 Hosrrus
915 661 1067 775 Jrsrritir
1095 672 1209 754 Libro
1244 675 1290 754 de
1327 675 1544 758 evolutiani·

147 793 212 872 bus
238 789 441 874 navalibus
469 788 536 866 eise
572 818 593 870 a
625 791 730 868 rebus
759 790 979 867 mechanicis
1008 794 1043 868 &
1071 791 1358 872 architettonicis
1382 795 1457 872 fere
1490 799 1545 874 in-

148 913 417 1012 dependentem
445 937 457 1004 3
493 909 656 1010 pauculis
684 921 825 986 tantum
861 905 1014 984 affumtir
1044 906 1287 1008 petitionibus
1315 916 1415 994 circa
1445 917 1545 998 uenti

150 1031 331 1108 actionem
359 1033 398 1104 in
425 1028 533 1116 vela,
569 1028 607 1102 ἃ
635 1025 673 1102 id
710 1024 812 1126 quod
839 1037 971 1103 vocant
999 1025 1293 1130 derivationem,
1323 1033 1546 1133 experientia

150 1163 344 1226 nautarum
372 1143 628 1246 comprobatis.

227 1265 348 1344 Etiam
374 1289 392 1341 a
418 1279 518 1363 parte
551 1259 626 1338 Dei
657 1259 724 1348 iit,
757 1272 800 1336 ut
825 1257 1001 1359 poffibilia
1031 1257 1160 1361 [ipsi]
1190 1285 1270 1339 non
1297 1262 1405 1353 fiant,
1431 1263 1458 1342 sr
1481 1265 1547 1362 spi.

155 1387 234 1464 licet
265 1405 407 1458 eanon
426 1381 527 1458 uelit,
597 1375 642 1461 Et
670 1378 746 1456 hoc
773 1376 877 1454 sensu
906 1391 989 1456 ante
1011 1379 1135 1453 omnia
1176 1379 1352 1471 decreta,
1378 1405 1432 1461 res
1464 1384 1547 1470 sunt

157 1504 442 1599 contingentes,
472 1498 659 1598 adeoque,
692 1508 733 1580 ut
762 1493 946 1582 retiissinre
972 1496 1045 1585 ais,
1078 1490 1181 1574 Deus
1205 1497 1391 1574 liberrime
1425 1498 1544 1598 elegit

156 1619 312 1698 Decreta
339 1633 461 1694 autem
484 1638 624 1715 porro,
654 1613 869 1712 divinaque,
905 1612 963 1688 vel
987 1609 1228 1713 prescientia,
1253 1613 1312 1692 rel
1328 1617 1549 1716 praeordioa·

158 1741 206 1814 tio
226 1735 528 1832 contingentiam
554 1755 631 1808 non
658 1730 818 1818 toiiunt,
848 1751 894 1806 eo
911 1727 1012 1840 sensu
1041 1753 1122 1831 quo
1154 1728 1428 1834 aPhilosophis
1454 1735 1549 1812 acci·

157 1858 194 1956 pi
219 1853 336 1944 solet3
363 1874 496 1949 nempe
518 1861 559 1924 ut
587 1862 796 1948 opponatur
827 1847 1021 1924 neceiiitati
1046 1846 1235 1939 absolutae,
1261 1872 1338 1926 non
1361 1849 1545 1952 hypothe-

159 1975 243 2048 tica.
295 1968 412 2062 Quod
448 1969 559 2064 igitur
583 1968 666 2052 ais,
697 1965 778 2066 post
803 1963 946 2046 decreta
975 1960 1133 2054 Divina,
1161 1971 1285 2050 omnia
1305 1965 1373 2045 effe
1393 1967 1547 2047 necessa-

160 2093 229 2176 ria,
256 2087 296 2164 id
321 2085 450 2162 nostrae
474 2085 733 2180 contingentia
761 2105 839 2159 non
868 2093 1071 2180 repugnat3
1093 2081 1168 2162 hoc
1200 2083 1316 2184 ipsum
1347 2087 1444 2170 enim
1470 2085 1545 2176 est,
1577 2165 1583 2176 ,

162 2204 259 2306 quod
284 2201 566 2309 hypotheticam
593 2197 832 2280 neceffitatenr
857 2199 1061 2298 appelleon
1091 2201 1213 2302 itaque
1235 2203 1357 2280 nuilus
1374 2203 1548 2286 ¹hocmo·

164 2322 210 2400 do
239 2326 307 2400 erit
334 2326 373 2397 in
407 2343 445 2394 re
472 2314 662 2409 diffensus3
690 2317 787 2396 unde
809 2316 948 2414 praestat
974 2340 1044 2393 nec
1068 2317 1185 2400 verbis
1208 2323 1371 2418 pugnari.

218 2438 306 2516 Hac
349 2434 498 2523 addidi,
539 2457 585 2512 ne
618 2435 708 2536 quid
751 2437 792 2511 in
833 2432 958 2510 litteris
994 2432 1083 2510 Tuis
1127 2437 1338 2537 penultimis
1374 2435 1549 2521 intactum

165 2560 391 2662 praeterirem.
439 2551 554 2646 Quod
583 2550 767 2654 superest,
802 2545 891 2628 vate
910 2550 951 2630 ,δι
978 2551 1068 2632 fave.

255 2773 390 2852 orbam
417 2769 593 2872 unuani·
622 2775 656 2842 r.
682 2754 882 2866 septimbris
906 2773 1013 2852 ηοω,
1047 2765 1049 2770 ·

681 2929 701 2938 ψ’
1114 2950 1377 3033 maturamus„

986 3159 1033 3244 G.
1061 3157 1108 3243 G.
1136 3163 1453 3246 Latara-rarus.
