4166 5558
578 387 652 472 312
816 383 1261 471 connrrororr
1314 383 1751 460 errororrcurr.

407 565 511 640 3713,
579 519 690 598 Seriei
721 523 981 615 inventorem}
1011 517 1070 594 sed
1101 515 1175 616 ipse
1200 517 1341 594 videbis
1372 518 1461 616 quid
1493 515 1563 594 hac
1596 517 1643 593 de
1677 543 1716 595 re
1746 515 1788 596 fit
1818 517 1969 600 creden

396 648 467 741 jul,
545 639 693 724 aum,
722 639 784 715 ubi
813 637 857 714 ad
880 661 1007 714 manus
1030 635 1197 713 habueris
1221 631 1405 710 Libellum
1428 633 1675 733 Epistolarom.
1725 633 1847 714 Potest
1873 637 1965 728 effe,

579 769 622 834 ut
645 753 938 835 Gnuoonrus
970 753 1149 829 invenerit
1185 753 1309 851 prius,
1347 749 1447 850 quod
1480 749 1540 828 To
1575 751 1697 850 postca
1733 755 1844 830 etiam
1882 755 1967 834 Tuo

574 890 693 950 marte
719 871 907 957 invenisti,
945 873 982 946 ἃ
1017 869 1147 946 inscius
1182 867 1283 968 quod
1320 882 1401 944 ante
1427 865 1481 944 Te
1510 871 1579 964 jam
1610 870 1719 946 fuerit
1744 870 1788 946 ab
1812 872 1886 948 alio
1915 876 1967 948 iu-

578 1005 741 1066 uentum.
800 985 975 1076 Interim,
1007 984 1120 1086 fiper
1144 985 1279 1062 litteras
1310 984 1462 1082 probare
1488 1000 1594 1084 potes
1625 984 1744 1086 ipsum
1765 986 1966 1066 Nrwro-

485 1157 492 1168 ·
579 1131 688 1186 nure
721 1104 777 1183 Te
808 1110 967 1207 primum
991 1101 1179 1181 credidiffe
1202 1101 1464 1202 inventorem,
1501 1103 1537 1176 ἃ
1568 1107 1761 1180 inventum
1782 1103 1964 1194 laudaffe,
2053 1167 2054 1230 i

579 1223 655 1302 hoc
681 1227 718 1300 in
755 1246 837 1302 rem
862 1221 982 1300 Tuam
1006 1223 1171 1322 apprime
1199 1219 1308 1296 faciet
1348 1215 1490 1296 fimolat
1521 1223 1618 1312 enim
1650 1215 1962 1311 Nuwrouur,
2053 1247 2054 1276 ³

580 1325 620 1417 in
644 1341 821 1442 aliquibus
846 1341 974 1418 litteris
1002 1341 1041 1415 in
1072 1335 1219 1414 Libello
1249 1336 1316 1412 isto
1346 1331 1559 1434 publicatis,
1593 1337 1627 1414 se
1660 1363 1738 1418 non
1767 1340 1860 1418 adeo
1893 1363 1966 1418 ma·

578 1461 647 1556 gni
661 1505 677 1522 -
692 1457 813 1536 facere
840 1459 934 1535 banc
957 1455 1116 1542 Seriem,
1135 1455 1188 1530 ob
1214 1453 1364 1552 segnem
1384 1453 1586 1533 admodum
1613 1455 1904 1556 advergentiam,
1928 1473 1966 1536 ut

572 1575 620 1658 ,ἅ
637 1573 701 1652 fibi
719 1575 860 1654 dudum
877 1570 1094 1666 innotuisse,
1112 1571 1213 1670 quod
1233 1572 1355 1670 primo
1371 1571 1519 1660 inventa
1536 1573 1644 1650 fuerit
1660 1599 1677 1650 a
1694 1573 1960 1654 Gnaoonro.

667 1691 833 1769 Tandem
857 1691 1202 1770 Huananuus
1231 1685 1373 1776 noster,
1411 1711 1431 1764 a
1460 1685 1635 1770 Catharro
1663 1687 1858 1789 pedorali,
1892 1716 1963 1794 quo

580 1805 781 1897 laborabat,
800 1810 1007 1901 restitutus,
1038 1821 1121 1884 ante
1147 1803 1336 1882 odiduum
1368 1806 1436 1878 iter
1455 1805 1628 1905 ingress'ua
1650 1805 1723 1896 est,
1750 1807 1965 1914 Argentora-

441 1909 1960 2028 'mmmmmfflwmdfflmwmmwo

582 2045 743 2140 rabitur,
779 2043 839 2120 sed
873 2039 1038 2120 wcitissime
1074 2055 1203 2142 perget
1246 2031 1537 2142 fraacrfirrtum
1566 2039 1618 2116 ad
1643 2036 1685 2116 V
1684 2041 1853 2133 iadrum,
1882 2043 1963 2121 Pro·

583 2161 742 2240 vinciam
766 2159 830 2240 fibi
864 2159 1116 2236 demandatam
1142 2157 1403 2254 auspicaturus.
1464 2159 1572 2252 Quid
1594 2158 1640 2236 de
1666 2159 1747 2236 sede
1772 2161 1832 2236 sua
1852 2157 1960 2236 Pata-

581 2276 705 2367 virm,-
731 2277 878 2357 discessu
901 2277 966 2354 suo
1000 2288 1146 2353 vacante
1168 2272 1314 2361 telina,
1344 2275 1596 2354 constituerint
1622 2271 1958 2367 ProceresVenrri,

584 2414 648 2476 aut
673 2395 761 2498 quid
791 2395 860 2474 tint
897 2393 1153 2481 constituturi,
1188 2387 1253 2492 ipfi
1280 2411 1386 2491 aeque
1413 2414 1455 2467 ac
1484 2391 1576 2470 mihi
1605 2395 1775 2492 ignotum
1802 2394 1961 2473 hademar

585 2523 657 2600 fuit
680 2565 905 2594 .........
932 2510 1100 2590 Tradidit
1129 2531 1245 2608 nuper
1275 2505 1333 2585 Cl.
1370 2505 1696 2588 Horatianus
1717 2511 1859 2610 Agnato
1885 2535 1961 2588 meo

586 2629 808 2739 Diploma‘a
829 2627 998 2708 Domino
1028 2627 1207 2706 Corano
1238 2639 1456 2724 acceptum,
1490 2651 1568 2728 quo
1596 2631 1635 2702 in
1667 2625 1882 2706 Societatem
1901 2625 1962 2704 Re-

591 2761 690 2856 giam
719 2745 989 2828 berolinensem
1023 2760 1245 2844 cooptatum
1269 2767 1338 2842 pro
1367 2767 1445 2845 quo
1476 2751 1550 2844 jam
1577 2747 1707 2842 gratias
1736 2747 1812 2844 egit
1842 2743 1962 2822 Domi-

591 2895 644 2952 no
671 2871 703 2950 C
713 2892 774 2946 ura
790 2889 852 2943 no
877 2887 942 2965 per
962 2865 1095 2940 litteras
1108 2886 1206 2964 ,uper
1234 2859 1444 2940 Dominum
1470 2859 1796 2940 Hnananuuar
1825 2863 1869 2940 ad
1887 2885 1960 2940 eum

591 2985 813 3069 deferendas.
874 2981 981 3061 Hisce
1004 2980 1154 3082 quidem
1183 2979 1301 3060 Vale,
1327 2975 1393 3056 Vir
1417 2977 1662 3082 Ampliffime,
1695 2981 1731 3055 da
1750 2977 1851 3058 Fare.
1980 3019 1983 3026 2

667 3143 858 3292 'aafiraa
884 3197 917 3271 a.
941 3213 1000 3284 29.
1025 3151 1108 3290 Jurr
1140 3178 1247 3282 1713.
1317 3265 1321 3272 ,
1358 3153 1361 3161 ’

1088 3385 1363 3502 Amplitudini
1393 3383 1499 3476 Tuae
1524 3377 1812 3520 Devorissimua
1953 3429 1957 3440 ·

1464 3623 1467 3630 ’
1513 3607 1543 3712 J.
1590 3606 1881 3690 Brnuourrr
