4288 5564
570 351 673 426 18
738 335 1275 431 ΟΜΜΕΜῙΠΜ
1323 337 1878 416 uertentium

400 475 505 574 r7o'r.
583 481 667 607 pori
696 481 806 562 elient
834 482 937 562 valde
976 479 1117 568 exiiet.
1149 475 1270 556 nullus
1306 476 1460 566 dubito,
1501 477 1590 576 quin
1631 477 1727 556 idem
1764 480 1951 562 effetius'
1935 506 1999 561 m

395 583 537 678 Jfflffls
580 625 627 679 eo
655 604 767 704 quiin
789 602 970 679 mercurio
1000 597 1279 692 observaretur
1301 618 1454 682 aurum,
1487 595 1645 698 exempli
1682 600 1816 696 gratia,
1845 599 2003 678 srflui-

551 719 676 798 dum
700 721 803 797 reddi
827 716 972 819 pollet,
1016 716 1145 793 servata
1176 713 1338 814 specifica
1364 713 1570 812 grauitate,
1604 723 1796 802 omnium,
1823 721 1996 808 credo,

534 879 537 886 ·
577 837 673 916 foret
700 832 1098 916 c'onrnrodiilimunrad
1127 831 1201 909 hoc
1235 833 1458 928 negotium,
1490 829 1527 904 dr
1555 825 1809 931 Phosphorum
1843 836 1991 912 redde:-

426 1050 429 1056 ,
576 969 632 1032 ret
665 957 780 1055 longe
809 955 1000 1034 clariorem
1043 975 1158 1053 quom
1183 953 1397 1028 mercurius...
1449 943 1538 1046 Jim.
1559 969 1645 1060 vero
1671 947 1802 1028 linitur
1841 957 1990 1032 marini

572 1095 686 1173 poros
716 1073 851 1151 habent
880 1075 985 1148 nimis
1022 1068 1195 1168 amplos,
1227 1093 1335 1170 quarn
1369 1079 1409 1144 ut
1441 1064 1559 1140 solnm
1580 1071 1765 1144 inurerinnt
1796 1067 1983 1148 subtililit-

577 1213 700 1279 munr,
733 1193 770 1268 δι
796 1187 1037 1267 iurninificanr·
1059 1190 1096 1262 in
1124 1184 1158 1262 [ι’
1196 1188 1439 1276 contineant}
1463 1179 1561 1277 Ergo
1592 1182 1676 1282 ipsae
1703 1185 1779 1260 sniis
1811 1192 1978 1285 perticu-

470 1313 476 1318 ’
576 1307 651 1396 lte,
676 1333 755 1410 quae
782 1307 988 1384 alluciibus
1016 1304 1180 1406 separatae
1218 1304 1253 1386 ἃ
1293 1307 1332 1380 in
1366 1323 1445 1412 aere
1474 1302 1644 1388 vibrate,
1677 1301 1863 1381 celerrime
1900 1327 2032 1406 geg.

577 1425 715 1522 raudo,
749 1449 836 1502 cum
851 1421 919 1500 fint
944 1421 1081 1517 rigidae,
1100 1422 1237 1497 circum
1388 1415 1392 1422 ’
1432 1418 1487 1492 'ris
1512 1418 1667 1520 aliusque
1691 1419 1870 1498 cnffiores
1886 1448 1977 1522 pan·-

533 1581 544 1596 ν
577 1541 705 1619 ιίιιιῐιι
732 1542 938 1641 repellunt,
962 1537 1197 1638 ‚spuriumque
1224 1540 1302 1616 hoe
1333 1561 1396 1614 nro
1425 1559 1456 1610 o
1474 1533 1610 1613 faciunt
1637 1541 1796 1616 muteriae
1819 1540 1970 1617 luminii.

577 1657 653 1735 [ιιι
677 1659 841 1760 undique
868 1657 1051 1741 affluenti-3
1077 1679 1206 1752 magne
1231 1660 1340 1754 igitur
1365 1655 1426 1732 hie
1448 1652 1500 1727 eii-
1530 1655 1755 1732 niffen-ntia:
1786 1658 1888 1757 quod
1918 1681 1969 1737 ex

567 1773 625 1852 'to
654 1799 765 1876 porro
800 1775 1058 1870 confirmetur,
1088 1763 1192 1876 quod
1220 1780 1423 1850 mercurius
1443 1775 1487 1847 in
1510 1795 1625 1850 vacuo
1656 1787 1796 1852 tantum
1818 1775 1937 1854 luceat
1948 1819 1970 1865 ;.

515 1897 525 1910 ’“
576 1916 668 1993 aqua
691 1917 777 1970 vero
802 1899 938 1971 murino
969 1887 1154 1969 non-nist
1184 1894 1355 1969 inaure:
1392 1915 1481 1968 num·
1506 1897 1628 1979 urina,
1658 1913 1765 1990 quam
1802 1895 1893 1992 quia·
1915 1917 1964 1971 en

576 2033 618 2086 ea
642 2007 876 2110 Phosphorus
901 2000 980 2113 [ut
1009 2002 1161 2114 vocas]
1190 2001 1426 2086 Brundianus
1462 2005 1678 2094 conficitur,
1712 2031 1759 2085 ex
1789 2011 1966 2088 omnibus

567 2125 783 2228 -liquoribus
811 2128 936 2209 salinis
964 2123 1181 2228 apuffimam
1195 2127 1400 2225 putabam,
1402 2119 1557 2202 inclusa
1594 2139 1712 2201 tanen
1743 2129 1781 2201 in
1811 2149 1967 2218 vocuor

532 2300 545 2320 ,,
574 2266 689 2345 eaque
723 2245 828 2323 valde
860 2247 1023 2345 agitatu,
1060 2266 1135 2320 nec
1158 2245 1347 2322 minimam
1377 2244 1525 2344 quidem
1555 2241 1792 2322 scintillulam
1819 2251 1963 2324 emitte·

575 2360 689 2440 bat..

573 2477 795 2556 Verum
829 2415 890 2556 eil
916 2419 1041 2580 quod
1043 2415 1169 2556 linus
1185 2415 1518 2557 olenii-nnius
1557 2477 1642 2554 Tibi
1671 2476 1805 2576 senipfir
1829 2475 1966 2558 Dirunr

574 2593 772 2672 Fuerunt
801 2596 844 2672 ad
876 2620 956 2672 mea
992 2594 1204 2695 responsum
1228 2593 1482 2685 transmifille,
1515 2595 1617 2697 quod
1643 2593 1960 2674 Μιιιιιιιιιιιι

572 2734 720 2788 mecum
750 2690 1060 2816 communionum
1090 2713 1214 2792 idt
1153 2723 1214 2790 aut
1215 2737 1273 2790 em
1301 2711 1445 2801 remifi,
1475 2713 1610 2813 absque
1633 2727 1674 2791 ut
1699 2715 1738 2788 in
1775 2737 1820 2792 eo
1858 2717 1961 2814 quir·

573 2849 689 2926 quam
715 2825 930 2912 deleverim,
967 2825 1005 2897 &
1031 2824 1109 2898 dini
1139 2826 1237 2902 Dno
1264 2826 1542 2903 Munnunm
1574 2851 1634 2903 me
1660 2829 1791 2927 postea
1812 2829 1959 2931 respon

572 2941 718 3029 surum,
744 2939 901 3042 quando
920 2932 1127 3015 fananum
1150 2944 1419 3040 comparuerit:
1449 2945 1488 3020 id
1519 2957 1644 3021 auteur
1670 2947 1763 3024 nihil
1790 2952 1959 3026 contine·

571 3057 656 3146 bnt,
686 3055 747 3135 nisr
783 3056 885 3158 quod
922 3055 1039 3162 dieat
1055 3056 1236 3135 historiam
1266 3083 1285 3142 ι
1314 3081 1372 3134 me
1398 3061 1571 3160 perlatam
1599 3061 1958 3161 monumentor

568 3176 712 3270 uocat]
743 3172 811 3251 elle
840 3173 954 3253 filiurn
971 3200 986 3249 :‚
1006 3173 1039 3250 se
1065 3175 1127 3251 diu
1153 3173 1330 3275 possidere
1355 3173 1573 3256 methodum
1609 3181 1726 3258 nostra
1749 3181 1962 3262 Problema-

534 3345 541 3360 .
570 3301 608 3368 tn
637 3291 828 3379 solvendi,
855 3306 968 3391 utque
993 3289 1037 3366 id·
1061 3293 1195 3390 probet
1222 3291 1328 3369 affer't
1354 3293 1580 3382 solutionem
1604 3295 1839 3396 Problematis
1875 3325 1957 3390 cura

571 3429 625 3486 ,ιιι
652 3404 875 3496 liochronae,
902 3410 940 3484 in
966 3431 1036 3507 qua
1068 3409 1207 3487 mobile
1233 3409 1277 3485 ab
1307 3409 1503 3489 horizonte
1533 3415 1717 3516 aequaliter
1736 3416 1921 3495 descendit
1939 3473 1957 3507 ,

570 3527 643 3622 iem
670 3537 751 3602 ante
777 3525 915 3602 multos
941 3548 1057 3601 atinus
1082 3549 1101 3600 a
1126 3524 1181 3602 Te
1206 3526 1443 3627 proposui&
1472 3529 1588 3608 soluti.
1628 3531 1700 3610 Sed
1724 3531 1750 3610 [ι
1770 3547 1850 3612 ιιιι
1868 3535 1955 3612 derr-

571 3657 626 3719 ter
655 3643 724 3731 est,
753 3666 819 3720 cur
841 3665 920 3720 non
946 3643 1052 3719 etiarn
1079 3632 1312 3722 irochronam
1338 3651 1627 3746 paracentricnm-
1645 3649 1774 3728 solvit?
1804 3649 1951 3730 Deinde

572 3760 745 3849 ostendit,
779 3759 886 3861 quod·
905 3783 954 3836 ex
976 3758 1092 3836 ruodo
1112 3783 1222 3850 meo,
1249 3785 1325 3862 quo
1343 3763 1740 3862 brachystoehronam,-
1764 3793 1829 3869 per
1847 3769 1951 3847 Duc·

570 3873 700 3949 trinam
735 3871 1009 3954 Fermtr'anam
1042 3875 1325 3974 reiradionum,
1369 3881 1416 3956 ita
1456 3883 1564 3958 etium
1592 3882 1759 3964 Solidurn
1789 3890 1953 3965 minimo:
2076 3927 2080 3934 ·

570 3984 775 4067 refistentiae
791 3995 1027 4072 determinare
1058 3969 1184 4092 potiit:
1212 3991 1383 4072 Praeterea
1407 3995 1498 4073 nihil
1527 3997 1642 4076 habet.
1686 4001 1806 4078 Audio
1835 4008 1952 4082 etiarn

535 4099 656 4178 ·.Tibi
691 4105 938 4206 respondiiie3
969 4126 1004 4188 at
1046 4111 1140 4186 nihil
1168 4108 1300 4199 inesse,
1339 4127 1471 4212 proter
1500 4116 1673 4192 inutilem
1702 4119 1954 4224 velitationem

567 4219 782 4298 verborum·
772 4247 919 4326 ‚quare
954 4228 1085 4304 dubius
1118 4227 1229 4308 haeret
1255 4225 1369 4306 Dnus
1389 4227 1700 4310 Munuunrus
1726 4241 1887 4315 utrum
1876 4263 1950 4316 rm

568 4339 722 4436 primae,
757 4363 897 4420 necne
901 4331 1029 4419 Scire
1057 4359 1179 4426 tamen
1199 4369 1247 4424 ex
1267 4344 1322 4462 Te
1347 4349 1506 4440 vellem,
1528 4349 1616 4452 quid
1648 4347 1834 4433 Funus
1865 4355 1955 4432 Tibi

566 4453 764 4555 regeii'erib

760 4677 767 4686 ,
1811 4587 1959 4675 Viderit
