4200 5564
484 441 490 460 ³
558 458 631 518 ²112
820 439 1246 528 comitatulum
1279 433 1713 508 atttroztctlrt.

376 616 482 694 ³704·
524 611 527 619 ι
553 572 690 650 Seriem
708 575 825 672 magis
842 572 1081 674 implicitam,
1104 590 1213 672 quam
1238 565 1321 644 alias
1350 564 1532 646 Serierum
1551 552 1862 656 methodos‚'sed
1887 585 1948 642 re·

370 701 471 780 illan.
551 689 726 788 gularitet
747 690 912 768 eundem.
943 687 1195 776 Elevationem
1228 685 1275 761 ad
1307 685 1499 784 potestates
1532 671 1842 760 indeterminatas
1862 679 1877 776 [
1899 681 1950 760 de

432 809 437 816 ’
553 831 624 908 qua
651 832 735 909 pag.
769 824 820 900 56
847 800 941 916 (1)]
974 808 1082 884 ettam
1107 801 1198 882 mihi
1219 801 1358 879 dudum
1385 802 1575 898 cognitam
1592 795 1701 876 'tuille
1734 823 1811 877 non
1838 798 1952 894 igno.

552 949 627 1014 tas,
661 928 839 1008 &iniis
872 948 951 1023 quae
982 922 1151 1004 Domino
1185 918 1345 998 Furro
1386 917 1541 1020 opposui
1568 910 1652 1021 (2),
1685 917 1953 1002 extructionem

552 1045 682 1120 valoris
718 1065 767 1118 ex
799 1044 1003 1141 aquatione
1033 1039 1186 1120 duarum
1222 1039 1525 1134 incognitarum,
1552 1035 1680 1110 fatiam
1702 1057 1768 1135 pet
1795 1034 1949 1124 Seriem,

550 1161 775 1260 generalius,
801 1159 959 1258 opinor,
983 1155 1201 1256 complexus
1223 1152 1299 1230 sum
1321 1176 1429 1252 quatu
1455 1164 1559 1230 antea
1578 1151 1775 1254 quisquam.

533 1285 536 1290 ’
622 1276 767 1360 Errotes
792 1275 835 1352 ab
856 1271 1020 1352 Authore
1042 1269 1178 1352 admiffi
1203 1293 1284 1371 pag.
1323 1295 1375 1346 ro
1396 1262 1485 1372 (3),
1509 1284 1576 1359 67,
1610 1285 1659 1358 68
1679 1258 1771 1374 (4),
1803 1295 1853 1350 ex
1886 1270 1955 1348 de-

548 1395 643 1478 fellu
670 1389 986 1488 animadverfionis
1017 1391 1093 1472 nati
1122 1389 1304 1470 videntur.
1347 1385 1419 1463 Sed
1449 1389 1567 1485 gravis
1594 1387 1642 1464 est
1673 1389 1735 1465 ille
1771 1391 1809 1465 ln
1838 1413 1955 1490 quem

544 1513 677 1600 incidit
713 1537 795 1616 pag.
825 1526 879 1602 65
911 1501 994 1614 (5),
1036 1511 1148 1608 inque
1186 1505 1259 1608 ipsa
1291 1505 1464 1606 impingit
1491 1507 1691 1606 principia,
1718 1506 1957 1608 ostenditque

545 1632 740 1716 Auilorem
764 1631 881 1728 magis
915 1631 954 1703 in
982 1625 1162 1704 Serierum
1185 1639 1393 1736 computo,
1419 1645 1530 1737 quam
1562 1625 1602 1708 iu
1635 1621 1846 1707 Geomettia
1867 1621 1956 1702 noi

545 1761 600 1826 tra
623 1745 881 1834 infinitefimali
916 1743 1090 1832 versatum
1112 1739 1190 1829 elle,

619 1863 757 1950 Erravit
785 1867 916 1952 etiam,
944 1862 1034 1944 dum
1060 1861 1124 1937 suo
1155 1858 1346 1951 Canone,
1377 1883 1462 1961 pag.
1497 1887 1579 1960 71,
1614 1859 1854 1941 determinare
1884 1885 1957 1939 vo-

547 1985 615 2064 luit
636 1999 760 2062 utrum
790 1982 1000 2080 summariis
1027 1978 1232 2077 algebraica
1254 1976 1295 2055 fit
1321 1977 1523 2077 pollibilis,
1554 1991 1595 2056 ut
1621 1982 1761 2080 optime
1791 1981 1956 2058 ostendis

546 2106 585 2180 in
616 2093 844 2201 Exemplo(
869 2091 894 2200 ),
942 2093 1073 2206 Fateor
1099 2093 1266 2194 poffibile
1295 2093 1389 2192 elle,
1431 2107 1472 2172 ut
1504 2119 1569 2196 per
1593 2097 1812 2178 methodum
1835 2097 1958 2177 Serie-

546 2242 631 2296 rum
664 2217 888 2309 infinitarum
920 2213 1199 2324 determinetur
1220 2226 1343 2290 utrum
1382 2235 1496 2292 curva
1527 2213 1670 2315 quaelita
1707 2214 1751 2292 fit
1773 2215 1959 2316 poffibilis

547 2337 586 2411 in
613 2335 835 2434 Algebtaicis
898 2331 972 2417 Sed
1008 2329 1075 2420 nist
1108 2332 1208 2429 ptius
1238 2329 1418 2408 Serierum
1460 2333 1621 2410 tractatio
1657 2333 1829 2412 reddatur
1865 2333 1957 2412 faci-

546 2453 645 2540 lior,
683 2453 787 2552 quod
820 2453 863 2530 ab
899 2451 1064 2530 Authore
1090 2471 1170 2526 non
1199 2447 1251 2539 est
1272 2448 1429 2538 latium,
1454 2449 1534 2526 imo
1560 2474 1629 2534 nec
1659 2463 1862 2540 tentatum,
1893 2475 1954 2535 res

546 2567 714 2646 immensi
743 2555 957 2670 plerumque
981 2566 1116 2646 laboris
1149 2565 1256 2652 foret,
1290 2568 1410 2668 Atque
1437 2565 1663 2656 binoctium
1691 2571 1740 2646 est
1763 2569 1957 2672 quodmi-

545 2686 589 2764 hi
614 2683 724 2772 Liber
744 2689 822 2784 eius
848 2688 951 2786 parvi
974 2686 1156 2774 momenti
1177 2683 1270 2774 visua
1298 2700 1375 2774 erat
1389 2708 1402 2776 3
1433 2687 1519 2784 quia
1553 2709 1627 2762 rem
1654 2685 1862 2780 Strictum,
1887 2689 1954 2766 cui

547 2817 649 2886 totus
671 2805 861 2890 innititur,
889 2825 967 2878 uon
1003 2814 1221 2900 promovet,
1258 2824 1328 2892 nep
1358 2802 1481 2886 reddit
1511 2803 1804 2885 elaboratiorem.

495 2919 499 2928 '
606 2918 797 3005 Generalia
820 2933 918 3006 certe
943 2915 1084 2996 dtudum
1107 2918 1304 3006 novimus,
1335 2917 1398 3005 ¹led
1425 2922 1465 2994 in
1492 2924 1609 3020 praxi·
1627 2925 1751 3000 multis
1778 2924 1861 3000 sunt
1882 2924 1956 3000 ob-

549 3039 663 3133 poxia
692 3033 986 3122 difficultatibus,
1011 3033 1061 3114 ob
1092 3033 1344 3134 prolixitatem
1366 3039 1542 3137 inprimis.
1606 3039 1765 3136 Quoties
1798 3065 1868 3118 res·
1885 3038 1957 3141 ipli

550 3151 731 3260 luceellit,
754 3169 904 3252 apparet
931 3175 1009 3236 non
1035 3149 1204 3253 quaesita,
1234 3165 1299 3240 aut
1319 3153 1465 3240 aliunde
1501 3155 1687 3259 proposita
1723 3157 1959 3244 Problemata

482 3339 487 3354 ,
551 3267 717 3358 solville,
747 3270 807 3358 sed
832 3273 906 3370 jam
944 3273 1094 3368 cognita
1133 3270 1201 3356 luae
1227 3266 1415 3349 Methodo
1438 3274 1647 3376 applicuille
1673 3303 1686 3372 ς
1715 3263 1815 3378 quod
1850 3279 1957 3375 parvi

480 3451 483 3458 .
552 3389 734 3492 momenti
754 3388 813 3474 est.
861 3385 930 3466 Etsi
956 3385 1029 3488 ipse
1058 3391 1095 3463 in
1123 3385 1356 3468 enucleandis
1377 3391 1447 3476 suis
1470 3391 1683 3472 Canonibus
1702 3393 1859 3472 studium
1882 3416 1958 3493 po·

554 3500 703 3594 lutffet,
736 3505 841 3607 quod
878 3503 936 3586 Tu
959 3506 999 3580 in
1031 3504 1277 3595 examinandis
1306 3531 1317 3598 3
1353 3507 1478 3590 saltem
1515 3509 1659 3590 dixillet
1685 3511 1821 3613 aliquid
1849 3509 1957 3588 utile.

555 3621 628 3706 Sed
644 3637 791 3725 apparet
806 3622 939 3700 famam
956 3623 1094 3720 exiguo
1113 3621 1233 3698 studio
1259 3619 1323 3699 fibi
1344 3647 1467 3726 parare
1491 3622 1667 3724 voluille3
1691 3627 1793 3732 quod
1808 3647 1960 3728 aequum

556 3762 634 3824 nou
665 3745 725 3824 est.
771 3731 933 3848 speravit
962 3731 1073 3824 etiam
1101 3731 1300 3850 nerninem·
1323 3736 1429 3830 facile
1453 3743 1511 3825 sua
1536 3747 1786 3838 excullutum,
1815 3769 1855 3823 ea
1879 3766 1959 3846 qua

557 3853 688 3940 sallum
713 3884 731 3937 a
756 3858 811 3940 Te
833 3857 884 3936 est
912 3848 1116 3956 diligentia,

1840 3975 1954 4062 Certe

473 4167 475 4172 .
568 4036 570 4042 ,
606 4079 669 4176 (ι)
701 4093 775 4178 Par·
810 4093 891 4174 136·
