4134 5554
554 401 625 468 222
804 346 1739 480 conunrcrnuarrtnottcoat

379 555 484 627 r7r0.
558 543 679 618 mem
710 539 942 642 prodierint,
977 563 1072 637 rogo
1097 550 1139 614 ut
1160 535 1434 637 mihi'quoque
1460 534 1612 636 aliquod
1641 533 1838 638 Exemplar
1869 539 1968 618 min

373 638 473 729 April.
555 671 664 734 tatur.
709 656 823 758 Spero
850 682 909 734 me
939 655 991 736 ibi
1014 655 1194 742 risurum,
1223 673 1305 756 quae
1324 665 1453 736 contra
1475 651 1785 753 paralogizantem
1805 653 1969 734 Cant·

552 798 686 851 orum
716 776 761 853 ad
781 773 838 851 Te
863 770 963 850 misr:
997 773 1124 852 eadem
1153 773 1363 852 enimcum
1387 771 1500 853 totius
1526 767 1598 846 litis
1626 763 1841 876 Grmpr'anae
1868 795 1965 852 nar·

556 895 737 976 rationem
778 889 1021 974 Montano
1049 887 1244 976 bartsmil'r,
1275 911 1342 988 pm
1367 885 1698 974 Scua'bcuzen
1715 911 1783 974 uu
1817 887 1967 990 Junio-

553 1031 632 1084 rem
666 1006 854 1086 Medicum
887 999 1112 1108 Tigurinum
1141 1009 1179 1084 in
1206 1003 1309 1086 Orbe
1343 1003 1489 1084 erudito
1518 1027 1598 1082 non
1630 1005 1850 1094 obscuram.
1888 1009 1963 1108 qus

552 1147 672 1225 nuper
700 1126 768 1202 iter
792 1122 973 1226 aggressus
998 1125 1050 1208 eli
1077 1125 1117 1204 in
1141 1117 1332 1227 Belgium.
1362 1115 1541 1224 Angir'arrt
1575 1121 1612 1199 ce
1643 1115 1846 1212 Galliam,
1877 1123 1964 1202 sor·

550 1255 590 1319 te
626 1245 665 1319 in
699 1239 848 1319 transitu
891 1263 956 1344 per
1006 1235 1245 1320 Germaniam
1296 1236 1372 1318 ‘sui
1403 1238 1550 1316 videndi
1583 1242 1734 1342 copiam
1766 1254 1961 1344 quaeret3

549 1357 651 1439 hunc
684 1361 784 1436 enim
809 1383 896 1444 cum
910 1361 1064 1460 -primic
1097 1361 1252 1462 scopum
1288 1355 1385 1440 ubas
1429 1357 1567 1436 itinuis
1596 1355 1732 1455 habet,
1773 1371 1817 1436 ut
1850 1353 1962 1434 Viris

549 1471 710 1556 Eruditis
738 1475 779 1552 dt
807 1474 1020 1554 Celebribus
1053 1477 1277 1561 innotescat:
1308 1474 1549 1576 quamobrem
1584 1497 1646 1554 me
1684 1477 1867 1574 rogavit,
1913 1483 1961 1552 ut

548 1613 668 1694 quum
696 1592 745 1670 ad
780 1591 837 1672 Te
862 1589 1058 1694 scripturus
1085 1591 1217 1683 essem,
1251 1592 1304 1676 sui
1333 1593 1442 1676 etiam
1470 1592 1697 1672 mentionem
1716 1595 1892 1692 injicere,
1917 1595 1961 1674 δι

547 1710 584 1786 se
613 1708 699 1786 Tibi
734 1712 772 1785 in
795 1707 1015 1788 antecessum
1047 1709 1307 1788 commendare
1338 1708 1481 1788 vellem.
1544 1707 1700 1788 Anhelat
1738 1712 1793 1786 nir
1826 1710 1958 1790 bonus

545 1827 706 1928 aliquam
733 1826 920 1906 honestam
946 1828 1142 1905 stationem·
1173 1826 1211 1903 te
1249 1823 1509 1913 Prolellionenr
1540 1823 1605 1902 srbi
1637 1829 1956 1924 convenientem

545 1945 695 2046 *qualem
723 1941 749 2020 st
778 1942 839 2027 Tu
869 1941 933 2042 ipsr
969 1944 1169 2028 conciliare
1197 1941 1339 2045 polles.
1372 1946 1531 2020 maxime
1556 1939 1645 2022 Tibi
1671 1943 1768 2022 soret
1794 1944 1957 2026 detinc-

546 2073 633 2149 tus,
668 2082 770 2161 aeque
799 2084 841 2138 ac
875 2057 1061 2138 Dominus
1088 2058 1390 2149 Morvnnua,
1421 2057 1570 2164 insignia
1595 2073 1691 2141 certe
1721 2057 1954 2155 Geometra.

550 2180 615 2280 qui
645 2177 743 2256 haud
770 2175 881 2265 dubie
904 2177 1028 2260 ¹adhuc
1051 2176 1164 2264 haeret
1185 2177 1356 2264 Londini.
1374 2235 1384 2260 ‚
1539 2233 1649 2256 .....

634 2291 756 2372 Habet
784 2293 947 2396 lignatus
975 2315 1078 2372 meus
1105 2295 1150 2372 de
1178 2317 1255 2396 quo
1283 2291 1350 2376 fibi
1383 2293 1617 2400 gratuletur,
1649 2291 1753 2396 quod
1772 2291 1952 2376 Dissertass

545 2410 601 2492 tio
627 2433 648 2488 a
671 2409 706 2488 se
730 2409 933 2514 conscripta
962 2409 1050 2488 Tibi
1076 2433 1154 2490 non
1177 2410 1407 2513 displicuerit
1440 2408 1608 2498 ‚Discessit
1633 2435 1752 2512 nuper
1782 2415 1822 2492 in
1852 2407 1950 2491 Gal·

545 2520 636 2604 liam
664 2528 849 2618 abiturus,
885 2527 1080 2640 postquam
1107 2529 1317 2634 aliquandiu
1349 2521 1514 2610 Gerena
1548 2543 1796 2608 commoratus
1820 2527 1944 2610 suerit.

544 2635 700 2748 Partfirs
725 2647 885 2723 inveniet
924 2643 1155 2732 occasionem
1190 2645 1305 2723 studia
1336 2644 1454 2724 nostra
1480 2644 1630 2726 ulterius
1665 2647 1945 2748 prosequendi3
2064 2653 2065 2670 ¹

541 2761 681 2840 ridebit
710 2759 1189 2856 lione-Monrrnn,
1218 2765 1283 2866 qui
1312 2762 1358 2840 de
1387 2757 1493 2839 simili
1514 2761 1589 2840 sere
1611 2767 1781 2854 materia,
1805 2785 1946 2866 nempe

540 2877 589 2955 de
613 2877 708 2956 ludis
733 2901 754 2956 a
781 2879 927 2959 fortuna
952 2877 1198 2981 pendentibus
1224 2901 1301 2956 non
1326 2881 1375 2954 ita
1400 2879 1543 2978 pridem
1570 2873 1722 2960 Librum
1742 2877 1878 2970 edidit,
1905 2884 1945 2958 in

542 3017 619 3102 quo
650 3009 772 3076 autern
798 2996 892 3074 nihil
921 2996 1029 3076 valde
1057 2993 1237 3096 singulare
1271 2993 1504 3097 deprehendi.
1524 3053 1532 3074 .
1552 3055 1560 3074 .
1658 3054 1690 3074 ..
1706 3053 1738 3074 ..
1765 2991 1945 3076 Observa-

542 3113 662 3189 tiones
691 3137 788 3196 meas
810 3114 848 3193 in
872 3113 973 3203 hunc
995 3112 1149 3222 Librum
1172 3111 1327 3203 Authori
1353 3111 1528 3200 transrnist
1549 3104 1651 3220 (t).
1681 3115 1858 3216 quoniam
1878 3113 1945 3224 Ju.

543 3225 683 3310 dicium
714 3255 840 3314 areum
871 3231 917 3310 de
948 3228 1039 3310 eol
1070 3255 1130 3309 me
1156 3233 1272 3332 petiit.
1300 3227 1429 3310 Fratris
1452 3233 1525 3317 mei
1551 3227 1658 3331 Opus
1680 3229 1941 3332 posthumum,
2039 3291 2042 3299 .

544 3342 573 3428 li
597 3347 763 3426 ultimam
786 3371 938 3428 manum
962 3345 1134 3441 vidisset,
1167 3349 1346 3428 &lucem
1367 3347 1552 3449 publicam
1579 3347 1776 3448 aspiceret,
1807 3347 1941 3448 foret,

543 3461 802 3558 hauddubie,
831 3467 1026 3554 omnium,
1061 3485 1146 3566 quat
1173 3467 1270 3552 eirca
1298 3464 1393 3542 hanc
1414 3465 1602 3547 materiam
1626 3464 1846 3566 prodierunt
1874 3467 1942 3544 ab·
2063 3529 2064 3532 r

545 3579 816 3664 sobtiffimun:
843 3581 905 3661 sed
933 3581 1062 3660 dubito
1091 3607 1137 3661 an
1174 3605 1336 3684 unquam
1361 3582 1593 3684 proditurum
1623 3579 1693 3672 fit,
1723 3605 1788 3684 per
1815 3585 1940 3662 nescio

546 3723 658 3800 quam
742 3761 749 3778 .
766 3759 803 3786 .,.
822 3757 936 3779 .....
959 3699 1146 3788 ‘heredum
1186 3699 1437 3800 suspicionem.
1497 3697 1604 3777 Vidit
1637 3697 1940 3798 manmscriptum

543 3813 885 3906 Hearnnunus,¹
915 3839 1028 3910 cum,
1049 3831 1203 3917 rogante
1227 3814 1360 3904 ndna,
1387 3815 1507 3892 station
1533 3817 1617 3918 post
1641 3817 1785 3894 obitum
1802 3821 1937 3917 mariti,

544 3931 652 4032 huJus
680 3935 826 4022 schedas
851 3937 889 4012 dr
911 3937 1048 4022 chartas
1075 3939 1113 4010 in
1132 3933 1305 4011 ordinem
1332 3931 1515 4031 redigeret
1515 3984 1804 4011 ............
1808 3939 1838 3990 l·

619 4050 749 4130 lludeo
771 4054 816 4130 ad
842 4049 902 4130 Te
926 4053 1069 4129 mittere
1093 4047 1290 4152 Epistolam
1315 4047 1411 4126 hanc
1447 4049 1638 4148 adjedtam,
1670 4049 1937 4152 &inscriptam

543 4163 598 4246 Cl.
634 4165 873 4266 Woba103
903 4192 1000 4268 rogo
1037 4183 1080 4248 ut
1112 4167 1213 4249 illam
1243 4163 1309 4270 ipfi
1344 4164 1591 4256 transmittas,
1627 4191 1694 4268 per
1728 4167 1937 4248 tutissimam

540 4287 660 4363 tiam:
690 4283 836 4387 Reliqui
856 4308 938 4366 carn
964 4300 1149 4390 apertam,
1184 4285 1248 4366 sub
1278 4281 1417 4388 srgillo,
1442 4283 1546 4390 quod
1571 4298 1726 4375 vocant,
1749 4285 1930 4373 volante,

1799 4400 1930 4508 quod,

635 4511 699 4612 (a)
726 4525 800 4615 opp.
829 4517 928 4593 Toni.
949 4517 976 4592 l„
1001 4513 1062 4597 tt.
1088 4515 1327 4598 LXXXIV.
1356 4538 1431 4619 pag.
1458 4523 1649 4634 4533468.
1681 4585 1686 4595 .
