4134 5554
401 442 415 452 ’
527 441 600 518 282
650 429 1814 520 COMMERCIUMEPISTOLICUM·

349 587 457 660 ¹7¹2,
583 575 762 656 Nondum
788 575 896 654 video
926 574 1022 652 haud
1054 573 1153 675 posse
1187 575 1262 661 dari
1295 575 1574 678 Logarithnrum
1594 581 1786 658 τέ’-αι
1809 599 1910 674 nego·

345 669 431 766 Aug.
526 697 625 772 enim
662 694 763 796 quod
793 689 907 768 asserta
943 691 1291 792 Logarithnvum,‹“
1321 685 1449 782 ,l-
1478 713 1501 772 2
1532 693 1600 772 esse
1637 699 1765 794 prioris
1788 695 1909 771 ‘dimi-

525 813 651 906 dium3
685 809 748 890 etsi
782 833 905 886 veruna
936 809 977 888 srt
1003 811 1267 908 lugarithmum
1290 813 1338 890 aa*
1369 802 1406 901 al
1422 831 1444 888 2
1482 811 1551 888 esse
1581 815 1771 890 dimidium
1801 813 1908 910 iuga-

524 929 650 1004 rithmi
684 935 728 998 τῐῐ
759 949 795 1004 2:
825 941 975 1026 oportet
997 931 1133 1028 quippe
1162 931 1338 1028 inspicere
1365 933 1544 1004 rationem
1574 929 1679 1028 hujus
1717 933 1909 1016 veritaris,

525 1046 562 1121 ἃ
587 1038 721 1138 videbis
749 1043 951 1128 discrimen.
986 1045 1077 1123 Ideo
1108 1044 1245 1123 scilicet
1271 1042 1527 1144 Logarithmus
1551 1049 1600 1124 τέ
1620 1037 1656 1136 a!
1678 1072 1699 1124 2
1731 1049 1781 1123 est
1807 1047 1909 1122 dimi·
2051 1097 2052 1110 r

524 1160 627 1237 dium
655 1159 884 1260 Logarirhmi
916 1153 963 1240 τί
991 1185 1041 1250 2,
1073 1165 1157 1264 quia
1183 1153 1220 1254 tl
1242 1185 1266 1242 2
1294 1161 1344 1236 est
1369 1163 1531 1240 medium
1555 1165 1831 1264 proportionale
1857 1166 1909 1238 in·

524 1289 580 1356 tet
618 1304 633 1354 1
670 1281 707 1355 de
746 1297 788 1356 2:
828 1277 887 1355 sed
919 1259 956 1364 ts
970 1301 1079 1358 -a
1112 1304 1189 1356 non
1229 1279 1278 1356 est
1303 1281 1466 1357 medium
1504 1284 1778 1382 proportionale
1817 1284 1911 1356 inter

524 1429 593 1448 ·-—
611 1419 624 1470 r
644 1396 759 1470 ἀ-
776 1419 813 1485 2,
832 1397 998 1494 adeoque
1016 1391 1189 1482 concludi
1207 1419 1284 1474 non
1303 1397 1420 1494 potest
1436 1397 1714 1496 Logaritstmurn
1728 1387 1908 1484 aa'ts--n

526 1507 594 1588 esse
632 1511 823 1590 dimidium
868 1511 1097 1614 Logarithnti
1139 1507 1276 1586 22⁶-—
1309 1517 1568 1618 utadeoque
1599 1515 1910 1614 quemadmodum

453 1669 455 1675 s
523 1625 780 1728 Logarithmus
818 1661 858 1714 r,
889 1619 926 1718 tl
959 1649 972 1706 1
1007 1649 1085 1709 κα
1113 1629 1163 1706 est
1200 1629 1394 1708 dimidium
1429 1629 1660 1734 Logarithmi
1689 1629 1734 1696 τιῖ
1766 1653 1825 1722 2,
1863 1634 1911 1707 ita
2052 1655 2053 1660 ‘

524 1772 673 1853 quoque
701 1741 957 1845 Logaritsvmus
984 1737 1018 1838 as
1033 1785 1102 1800 --
1123 1773 1136 1824 v
1155 1765 1337 1836 ><-—-2‚
1379 1749 1429 1825 est
1460 1749 1653 1826 dimidium
1683 1747 1911 1848 Logaridrnri

523 1903 591 1922 --
610 1888 660 1953 2,
682 1860 757 1940 huc
784 1864 860 1953 est,
891 1861 1148 1964 Logarithmur
1165 1855 1236 1952 vsu
1258 1867 1308 1944 est
1332 1865 1523 1943 dimidium
1550 1865 1775 1965 Logarithmi
1789 1905 1852 1918 —
1872 1885 1909 1952 2,

521 2003 629 2082 oeque
661 2005 703 2056 ac
735 1980 929 2056 dimidium
962 1981 1189 2078 Logarithmi
1215 2009 1254 2048 vv
1277 1988 1374 2069 -t-a.
1438 1982 1481 2060 ld
1515 1985 1616 2083 quod
1640 1987 1798 2060 maxime
1824 2005 1912 2058 con·

521 2097 639 2175 sirnrat
670 2114 924 2195 argumentum
946 2103 981 2173 in
1007 2099 1196 2196 postremis
1218 2101 1310 2174 meis
1327 2099 1504 2186 allatum,
1538 2098 1606 2176 esse
1637 2101 1771 2178 scilicet
1794 2095 1913 2197 Loga-

521 2215 697 2296 tithmum
713 2239 816 2290 xz
833 2213 1071 2314 Logarithmu
1086 2256 1155 2268 -—
1172 2239 1218 2308 aq
1235 2239 1281 2292 ex
1298 2218 1459 2317 eoquod
1476 2215 1546 2294 dx
1564 2241 1599 2292 x
1613 2215 1735 2294 sit:
1747 2251 1817 2268 --
1829 2203 1910 2290 dx:

456 2362 462 2375 ·
520 2357 647 2408 -un
692 2331 736 2409 Et
758 2329 805 2409 src
833 2336 974 2410 numeri
1003 2333 1174 2426 alicuius,
1207 2347 1278 2408 tam
1312 2329 1548 2422 affirmativi,
1581 2359 1690 2436 qnam
1720 2335 1911 2432 negativi,
1942 2345 1945 2353 '

523 2471 764 2528 communem
792 2447 861 2526 esse
890 2447 1179 2546 Logarithmum.
1245 2441 1363 2527 Miror
1389 2475 1475 2529 vero
1511 2448 1569 2527 Te
1597 2453 1690 2528 velle
1723 2471 1769 2528 ex
1800 2449 1913 2548 figura

255 2665 258 2675 Ι
347 2543 507 2630 nm
524 2557 746 2648 contrarium
779 2569 985 2654 ostendere,
1019 2563 1122 2666 'quast
1152 2557 1265 2670 (fig.
1295 2561 1426 2668 121.)
1455 2569 1620 2646 ordinata
1650 2567 1916 2666 lugarithmicae

523 2683 599 2766 LL
626 2709 703 2762 non
736 2682 843 2784 possit
869 2688 917 2759 ita
954 2682 1182 2770 decrescere,
1210 2699 1250 2760 ut
1278 2682 1462 2762 evanescat
1492 2685 1666 2774 tandem,
1700 2685 1758 2760 seu
1788 2707 1914 2784 perve-
2054 2774 2055 2778 Ἴ

525 2805 601 2882 niat
625 2803 667 2878 ad
711 2826 762 2887 0,
793 2800 980 2876 &deinde
1005 2800 1156 2876 transeat
1178 2803 1215 2874 in
1240 2803 1454 2878 contrariam
1482 2817 1624 2902 partem
1647 2803 1707 2879 seu
1730 2801 1852 2878 ad-
1864 2821 1910 2889 ce,

525 2921 629 2999 ficati
654 2912 674 3026 (
696 2911 774 3020 fig.
801 2910 924 3018 122.)
949 2915 989 2992 fit
1009 2920 1046 2992 in
1075 2939 1183 2993 curva
1222 2912 1287 3011 C,
1313 2942 1399 2994 cum
1435 2919 1627 3020 suppetant
1650 2933 1769 2994 tamen
1808 2920 1916 2992 innu-

526 3063 625 3116 mera
659 3037 826 3133 exempta
867 3035 1031 3138 quotidie
1067 3035 1208 3119 obvia,
1253 3059 1332 3135 quae
1373 3049 1562 3136 utramque
1601 3035 1675 3114 Tui
1709 3035 1915 3134 argumenti

525 3173 667 3259 partem
697 3153 861 3230 vacislare
886 3153 1067 3228 evincunt.
1128 3150 1252 3228 Primo
1285 3154 1457 3241 etenim,
1494 3176 1602 3230 curva
1627 3154 1744 3252 aliqua
1771 3155 1808 3227 in
1835 3173 1915 3250 par·

525 3288 604 3350 tem
630 3267 835 3368 opposvtam
857 3269 916 3346 seu
943 3274 992 3356 -t-
1009 3286 1045 3345 x
1069 3270 1186 3344 in—
1203 3281 1239 3342 ut
1263 3257 1409 3344 transire
1433 3269 1569 3369 potest,
1589 3271 1637 3346 ita
1660 3284 1699 3346 ut
1720 3291 1797 3346 non
1821 3290 1916 3368 opus

524 3387 567 3468 stt
595 3401 635 3464 ut
662 3385 869 3473 evanescat,
897 3385 958 3462 seu
989 3387 1174 3486 perveniat
1207 3385 1252 3462 ad
1279 3378 1328 3478 0‘3
1357 3382 1461 3461 ficuti
1488 3387 1608 3464 videre
1637 3387 1747 3460 estin
1772 3375 1915 3485 Hy'per-

522 3507 610 3585 bola
646 3503 858 3590 ordinaria,
886 3501 990 3602 super
1013 3523 1081 3578 axe
1112 3499 1335 3603 conjugato,
1380 3503 1482 3600 cuius
1518 3523 1598 3601 parv
1627 3499 1769 3578 abscissa
1811 3525 1913 3579 conr·

523 3625 644 3704 munis
667 3621 717 3696 est
740 3621 912 3697 ordinatae
944 3615 1161 3696 affirmativa
1195 3621 1232 3694 dt
1261 3621 1471 3718 negativae,
1501 3619 1586 3696 sicet
1612 3642 1798 3720 nunquam
1833 3643 1917 3698 eva·

524 3741 685 3820 uescenti
744 3735 949 3826 Secundo,
996 3759 1094 3836 nego
1131 3733 1439 3833 Logarittnnicam
1471 3733 1541 3814 LL
1568 3759 1644 3812 non
1686 3737 1732 3813 ad
1767 3737 1915 3815 alteram

526 3872 666 3960 partem
724 3857 912 3955 pervenire
942 3873 1019 3942 aa,
1058 3877 1124 3952 per
1167 3854 1447 3930 evanescentium
1482 3853 1726 3931 ordinatarum
1754 3877 1819 3947 κς
1845 3856 1919 3934 hoc

526 3978 624 4051 enim
655 3969 696 4047 fit
734 3973 923 4073 postquam
951 3966 1021 4048 LL
1053 3972 1210 4048 excurrit
1234 3973 1271 4045 in
1301 3971 1507 4059 infinitum,
1536 3971 1597 4046 ubi
1622 3975 1759 4071 quippe
1781 3972 1921 4050 evanes-

529 4097 580 4170 cit
603 4115 667 4179 ae,
703 4094 760 4163 seu
794 4090 1026 4186 pervenitad
1054 4113 1106 4182 0,
1140 4088 1347 4186 hujusmodi
1374 4092 1504 4165 iterum
1527 4088 1640 4166 multa
1667 4085 1835 4186 exempla
1854 4088 1916 4166 ha-

528 4204 667 4287 bemns.
689 4201 791 4280 sicuti
817 4207 981 4284 videmus
1005 4211 1042 4282 in
1065 4203 1284 4284 Conchoide
1299 4205 1525 4298 Nicomedis,
1547 4209 1649 4304 cujus
1664 4197 1770 4311 (rig.
1794 4201 1916 4302 123.)

529 4327 608 4406 duae
641 4323 721 4399 sunt
746 4339 863 4422 partes
895 4323 1070 4422 opposrtae
1099 4321 1213 4401 ΑΒΕ
1239 4325 1275 4400 dr
1300 4331 1391 4418 asia,
1416 4323 1521 4424 super
1552 4323 1685 4400 eodem
1706 4345 1771 4400 arte
1794 4317 1912 4401 DEF

528 4443 567 4520 dt
592 4465 638 4520 ex
668 4441 799 4516 eodem
834 4439 924 4539 poio
954 4439 1218 4535 Odescriptae,
1246 4458 1325 4540 quae
1351 4455 1473 4517 tamen
1504 4464 1581 4516 non
1617 4445 1655 4518 in
1682 4439 1716 4517 se
1752 4441 1911 4516 invicem

528 4563 747 4650 transeunt,
783 4555 847 4637 nist
888 4557 972 4659 post
1001 4553 1252 4640 excursionem
1289 4558 1329 4634 in
1368 4555 1563 4639 infinitum.
1629 4557 1749 4638 Habes
1790 4561 1914 4654 itaque

1794 4697 1914 4750 exem·
