<?xml version="1.0" encoding="UTF-8"?>
<!DOCTYPE html PUBLIC "-//W3C//DTD XHTML 1.0 Transitional//EN"
    "http://www.w3.org/TR/xhtml1/DTD/xhtml1-transitional.dtd">
<html xmlns="http://www.w3.org/1999/xhtml" xml:lang="en" lang="en">
 <head>
  <title>
</title>
<meta http-equiv="Content-Type" content="text/html;charset=utf-8" />
  <meta name='ocr-system' content='tesseract 3.04.00' />
  <meta name='ocr-capabilities' content='ocr_page ocr_carea ocr_par ocr_line ocrx_word'/>
</head>
<body>
  <div class='ocr_page' id='page_1' title='image "./virorumceleberr01bousgoog_0143.png"; bbox 0 0 4200 5564; ppageno 0'>
   <div class='ocr_carea' id='block_1_1' title="bbox 452 363 1931 609">
    <p class='ocr_par' dir='ltr' id='par_1_1' title="bbox 452 363 1931 609">
     <span class='ocr_line' id='line_1_1' title="bbox 529 363 1718 468; baseline -0.008 -20"><span class='ocrx_word' id='word_1_1' title='bbox 529 367 606 464; x_wconf 69' lang='lat'><em>‘132‘</em></span> <span class='ocrx_word' id='word_1_2' title='bbox 681 393 683 403; x_wconf 33' lang='lat' dir='ltr'>v</span> <span class='ocrx_word' id='word_1_3' title='bbox 785 369 1229 468; x_wconf 67' lang='lat' dir='ltr'><strong>comannorum</strong></span> <span class='ocrx_word' id='word_1_4' title='bbox 1277 363 1718 442; x_wconf 72' lang='lat' dir='ltr'><strong>nerra-orreum.</strong></span> 
     </span>
     <span class='ocr_line' id='line_1_2' title="bbox 452 496 1931 609; baseline 0.001 -32"><span class='ocrx_word' id='word_1_5' title='bbox 452 591 462 609; x_wconf 85' lang='lat'><strong><em>.</em></strong></span> <span class='ocrx_word' id='word_1_6' title='bbox 530 522 551 577; x_wconf 87' lang='lat' dir='ltr'><strong>a</strong></span> <span class='ocrx_word' id='word_1_7' title='bbox 578 512 776 600; x_wconf 77' lang='lat' dir='ltr'><strong>tangente,</strong></span> <span class='ocrx_word' id='word_1_8' title='bbox 802 501 942 588; x_wconf 77' lang='lat' dir='ltr'><strong>sumata</strong></span> <span class='ocrx_word' id='word_1_9' title='bbox 971 503 1108 584; x_wconf 77' lang='lat' dir='ltr'><strong>scilicet</strong></span> <span class='ocrx_word' id='word_1_10' title='bbox 1139 496 1214 578; x_wconf 82' lang='grc' dir='ltr'><strong>ΑΕ</strong></span> <span class='ocrx_word' id='word_1_11' title='bbox 1239 512 1410 601; x_wconf 85' lang='lat' dir='ltr'>tanquam</span> <span class='ocrx_word' id='word_1_12' title='bbox 1435 502 1559 578; x_wconf 80' lang='lat' dir='ltr'><strong>arculo</strong></span> <span class='ocrx_word' id='word_1_13' title='bbox 1583 497 1792 602; x_wconf 84' lang='lat' dir='ltr'><strong>parabolico</strong></span> <span class='ocrx_word' id='word_1_14' title='bbox 1821 497 1931 578; x_wconf 60' lang='lat' dir='ltr'><strong>oscui</strong></span> 
     </span>
    </p>
   </div>
   <div class='ocr_carea' id='block_1_2' title="bbox 411 614 1931 720">
    <p class='ocr_par' dir='ltr' id='par_1_2' title="bbox 411 614 1931 720">
     <span class='ocr_line' id='line_1_3' title="bbox 411 614 1931 720; baseline 0.001 -27"><span class='ocrx_word' id='word_1_15' title='bbox 411 689 422 710; x_wconf 89' lang='grc'>,</span> <span class='ocrx_word' id='word_1_16' title='bbox 529 614 629 696; x_wconf 80' lang='lat' dir='ltr'><strong>iante</strong></span> <span class='ocrx_word' id='word_1_17' title='bbox 651 642 797 698; x_wconf 76' lang='lat' dir='ltr'><strong>curvam</strong></span> <span class='ocrx_word' id='word_1_18' title='bbox 827 618 947 698; x_wconf 85' lang='grc' dir='ltr'><strong>ΑΕΗ</strong></span> <span class='ocrx_word' id='word_1_19' title='bbox 977 623 1015 696; x_wconf 90' lang='lat' dir='ltr'><strong>in</strong></span> <span class='ocrx_word' id='word_1_20' title='bbox 1043 615 1133 710; x_wconf 78' lang='lat' dir='ltr'><strong>AE3</strong></span> <span class='ocrx_word' id='word_1_21' title='bbox 1167 641 1286 718; x_wconf 89' lang='lat' dir='ltr'><strong>neque</strong></span> <span class='ocrx_word' id='word_1_22' title='bbox 1325 619 1442 697; x_wconf 86' lang='lat' dir='ltr'><strong>obstat</strong></span> <span class='ocrx_word' id='word_1_23' title='bbox 1468 619 1570 718; x_wconf 91' lang='lat' dir='ltr'><strong>quod</strong></span> <span class='ocrx_word' id='word_1_24' title='bbox 1607 621 1643 696; x_wconf 88' lang='lat'>&amp;</span> <span class='ocrx_word' id='word_1_25' title='bbox 1674 619 1749 720; x_wconf 90' lang='lat' dir='ltr'><strong>ipse</strong></span> <span class='ocrx_word' id='word_1_26' title='bbox 1780 621 1931 696; x_wconf 78' lang='lat' dir='ltr'><strong>arculus·</strong></span> 
     </span>
    </p>
   </div>
   <div class='ocr_carea' id='block_1_3' title="bbox 517 723 2007 2254">
    <p class='ocr_par' dir='ltr' id='par_1_3' title="bbox 517 723 2007 2254">
     <span class='ocr_line' id='line_1_4' title="bbox 529 723 1929 836; baseline -0.001 -22"><span class='ocrx_word' id='word_1_27' title='bbox 529 735 617 824; x_wconf 78' lang='lat' dir='ltr'><strong>An,</strong></span> <span class='ocrx_word' id='word_1_28' title='bbox 642 737 728 815; x_wconf 91' lang='lat' dir='ltr'><strong>licet</strong></span> <span class='ocrx_word' id='word_1_29' title='bbox 757 723 896 817; x_wconf 76' lang='lat' dir='ltr'><strong>infinite</strong></span> <span class='ocrx_word' id='word_1_30' title='bbox 921 761 1051 836; x_wconf 82' lang='lat' dir='ltr'><strong>parvos</strong></span> <span class='ocrx_word' id='word_1_31' title='bbox 1076 736 1235 834; x_wconf 68' lang='lat' dir='ltr'><strong>respecto</strong></span> <span class='ocrx_word' id='word_1_32' title='bbox 1259 758 1376 814; x_wconf 83' lang='lat' dir='ltr'><strong>curvae</strong></span> <span class='ocrx_word' id='word_1_33' title='bbox 1403 735 1508 826; x_wconf 84' lang='grc' dir='ltr'><strong>ΑΗ,</strong></span> <span class='ocrx_word' id='word_1_34' title='bbox 1537 737 1579 816; x_wconf 85' lang='lat' dir='ltr'><strong>fit</strong></span> <span class='ocrx_word' id='word_1_35' title='bbox 1602 753 1723 815; x_wconf 88' lang='lat' dir='ltr'><strong>tamen</strong></span> <span class='ocrx_word' id='word_1_36' title='bbox 1752 760 1796 810; x_wconf 86' lang='lat' dir='ltr'><strong>ex</strong></span> <span class='ocrx_word' id='word_1_37' title='bbox 1821 735 1929 813; x_wconf 66' lang='lat' dir='ltr'><strong>retiis</strong></span> 
     </span>
     <span class='ocr_line' id='line_1_5' title="bbox 532 851 1931 953; baseline -0.001 -24"><span class='ocrx_word' id='word_1_38' title='bbox 532 853 677 932; x_wconf 89' lang='lat' dir='ltr'><strong>lineolis</strong></span> <span class='ocrx_word' id='word_1_39' title='bbox 709 855 877 933; x_wconf 83' lang='lat' dir='ltr'><strong>infinities</strong></span> <span class='ocrx_word' id='word_1_40' title='bbox 918 855 1120 933; x_wconf 88' lang='lat' dir='ltr'><strong>minoribus</strong></span> <span class='ocrx_word' id='word_1_41' title='bbox 1153 851 1406 953; x_wconf 82' lang='lat' dir='ltr'><strong>composrtm3</strong></span> <span class='ocrx_word' id='word_1_42' title='bbox 1439 879 1521 931; x_wconf 88' lang='lat' dir='ltr'><strong>narn</strong></span> <span class='ocrx_word' id='word_1_43' title='bbox 1550 859 1588 933; x_wconf 86' lang='lat'>&amp;</span> <span class='ocrx_word' id='word_1_44' title='bbox 1621 858 1695 934; x_wconf 88' lang='lat' dir='ltr'><strong>hoc</strong></span> <span class='ocrx_word' id='word_1_45' title='bbox 1727 855 1842 951; x_wconf 84' lang='lat' dir='ltr'><strong>ipsum</strong></span> <span class='ocrx_word' id='word_1_46' title='bbox 1871 851 1931 930; x_wconf 87' lang='lat' dir='ltr'><strong>os-</strong></span> 
     </span>
     <span class='ocr_line' id='line_1_6' title="bbox 517 970 1933 1080; baseline 0.001 -33"><span class='ocrx_word' id='word_1_47' title='bbox 517 971 650 1080; x_wconf 84' lang='lat' dir='ltr'><strong>tendit</strong></span> <span class='ocrx_word' id='word_1_48' title='bbox 683 974 786 1074; x_wconf 89' lang='lat' dir='ltr'><strong>quod</strong></span> <span class='ocrx_word' id='word_1_49' title='bbox 812 971 885 1052; x_wconf 87' lang='lat' dir='ltr'><strong>BC</strong></span> <span class='ocrx_word' id='word_1_50' title='bbox 919 970 963 1048; x_wconf 85' lang='lat' dir='ltr'><strong>sit</strong></span> <span class='ocrx_word' id='word_1_51' title='bbox 985 971 1127 1050; x_wconf 78' lang='lat' dir='ltr'><strong>nonnisi</strong></span> <span class='ocrx_word' id='word_1_52' title='bbox 1156 973 1376 1050; x_wconf 81' lang='lat' dir='ltr'><strong>elementum</strong></span> <span class='ocrx_word' id='word_1_53' title='bbox 1403 996 1494 1052; x_wconf 77' lang='lat' dir='ltr'><strong>verae</strong></span> <span class='ocrx_word' id='word_1_54' title='bbox 1518 979 1576 1051; x_wconf 76' lang='lat' dir='ltr'><strong>¹ria</strong></span> <span class='ocrx_word' id='word_1_55' title='bbox 1595 972 1805 1071; x_wconf 76' lang='lat' dir='ltr'><strong>uentrisugae</strong></span> <span class='ocrx_word' id='word_1_56' title='bbox 1822 995 1836 1065; x_wconf 63' lang='lat'><strong>3¹</strong></span> <span class='ocrx_word' id='word_1_57' title='bbox 1850 975 1933 1070; x_wconf 67' lang='grc' dir='ltr'><strong>ρ13.</strong></span> 
     </span>
     <span class='ocr_line' id='line_1_7' title="bbox 533 1086 1930 1194; baseline -0.001 -28"><span class='ocrx_word' id='word_1_58' title='bbox 533 1111 581 1166; x_wconf 91' lang='lat' dir='ltr'><strong>ne</strong></span> <span class='ocrx_word' id='word_1_59' title='bbox 612 1093 710 1168; x_wconf 87' lang='lat' dir='ltr'><strong>enim</strong></span> <span class='ocrx_word' id='word_1_60' title='bbox 735 1093 860 1190; x_wconf 86' lang='lat' dir='ltr'><strong>judico</strong></span> <span class='ocrx_word' id='word_1_61' title='bbox 894 1116 971 1167; x_wconf 87' lang='lat' dir='ltr'><strong>rem</strong></span> <span class='ocrx_word' id='word_1_62' title='bbox 999 1091 1034 1166; x_wconf 87' lang='lat' dir='ltr'><strong>se</strong></span> <span class='ocrx_word' id='word_1_63' title='bbox 1061 1086 1193 1168; x_wconf 86' lang='lat' dir='ltr'><strong>habere</strong></span> <span class='ocrx_word' id='word_1_64' title='bbox 1222 1105 1262 1167; x_wconf 91' lang='lat' dir='ltr'><strong>ut</strong></span> <span class='ocrx_word' id='word_1_65' title='bbox 1290 1093 1329 1167; x_wconf 91' lang='lat' dir='ltr'><strong>in</strong></span> <span class='ocrx_word' id='word_1_66' title='bbox 1361 1095 1573 1190; x_wconf 85' lang='lat' dir='ltr'><strong>gravitate,</strong></span> <span class='ocrx_word' id='word_1_67' title='bbox 1609 1117 1689 1194; x_wconf 85' lang='lat' dir='ltr'><strong>quae</strong></span> <span class='ocrx_word' id='word_1_68' title='bbox 1717 1116 1793 1167; x_wconf 90' lang='lat' dir='ltr'><strong>non</strong></span> <span class='ocrx_word' id='word_1_69' title='bbox 1823 1091 1894 1166; x_wconf 74' lang='lat' dir='ltr'><strong>ruo</strong></span> <span class='ocrx_word' id='word_1_70' title='bbox 1913 1150 1930 1181; x_wconf 85' lang='lat'><strong>‚.</strong></span> 
     </span>
     <span class='ocr_line' id='line_1_8' title="bbox 535 1207 1931 1311; baseline 0.001 -27"><span class='ocrx_word' id='word_1_71' title='bbox 535 1207 596 1284; x_wconf 87' lang='lat' dir='ltr'><strong>sed</strong></span> <span class='ocrx_word' id='word_1_72' title='bbox 625 1208 774 1286; x_wconf 79' lang='lat' dir='ltr'><strong>infinitis</strong></span> <span class='ocrx_word' id='word_1_73' title='bbox 803 1207 953 1297; x_wconf 71' lang='lat' dir='ltr'><strong>iarbae,</strong></span> <span class='ocrx_word' id='word_1_74' title='bbox 986 1211 1147 1310; x_wconf 86' lang='lat' dir='ltr'><strong>quamvis</strong></span> <span class='ocrx_word' id='word_1_75' title='bbox 1173 1209 1405 1309; x_wconf 84' lang='lat' dir='ltr'><strong>tempusculo</strong></span> <span class='ocrx_word' id='word_1_76' title='bbox 1443 1209 1581 1288; x_wconf 86' lang='lat' dir='ltr'><strong>infinite</strong></span> <span class='ocrx_word' id='word_1_77' title='bbox 1612 1233 1748 1311; x_wconf 80' lang='lat' dir='ltr'><strong>parvo,</strong></span> <span class='ocrx_word' id='word_1_78' title='bbox 1788 1209 1931 1308; x_wconf 81' lang='lat' dir='ltr'><strong>produ-</strong></span> 
     </span>
     <span class='ocr_line' id='line_1_9' title="bbox 536 1326 1934 1428; baseline -0.001 -24"><span class='ocrx_word' id='word_1_79' title='bbox 536 1328 656 1404; x_wconf 86' lang='lat' dir='ltr'><strong>citur:</strong></span> <span class='ocrx_word' id='word_1_80' title='bbox 681 1327 765 1402; x_wconf 84' lang='lat' dir='ltr'><strong>alias</strong></span> <span class='ocrx_word' id='word_1_81' title='bbox 790 1328 886 1402; x_wconf 81' lang='lat' dir='ltr'><strong>eninr</strong></span> <span class='ocrx_word' id='word_1_82' title='bbox 915 1329 1006 1404; x_wconf 87' lang='lat' dir='ltr'><strong>vires</strong></span> <span class='ocrx_word' id='word_1_83' title='bbox 1036 1326 1245 1426; x_wconf 85' lang='lat' dir='ltr'><strong>centrisugae</strong></span> <span class='ocrx_word' id='word_1_84' title='bbox 1265 1349 1343 1403; x_wconf 91' lang='lat' dir='ltr'><strong>non</strong></span> <span class='ocrx_word' id='word_1_85' title='bbox 1369 1327 1492 1404; x_wconf 84' lang='lat' dir='ltr'><strong>forent</strong></span> <span class='ocrx_word' id='word_1_86' title='bbox 1512 1333 1552 1406; x_wconf 91' lang='lat' dir='ltr'><strong>in</strong></span> <span class='ocrx_word' id='word_1_87' title='bbox 1573 1328 1755 1428; x_wconf 87' lang='lat' dir='ltr'><strong>duplicata</strong></span> <span class='ocrx_word' id='word_1_88' title='bbox 1785 1330 1934 1403; x_wconf 87' lang='lat' dir='ltr'><strong>rarione·</strong></span> 
     </span>
     <span class='ocr_line' id='line_1_10' title="bbox 537 1435 1934 1548; baseline 0 -27"><span class='ocrx_word' id='word_1_89' title='bbox 537 1445 795 1529; x_wconf 78' lang='lat' dir='ltr'><strong>velocitatem,</strong></span> <span class='ocrx_word' id='word_1_90' title='bbox 830 1443 890 1518; x_wconf 82' lang='lat' dir='ltr'><strong>sed</strong></span> <span class='ocrx_word' id='word_1_91' title='bbox 915 1446 953 1518; x_wconf 92' lang='lat' dir='ltr'><strong>in</strong></span> <span class='ocrx_word' id='word_1_92' title='bbox 972 1441 1149 1544; x_wconf 83' lang='lat' dir='ltr'><strong>finapiici3</strong></span> <span class='ocrx_word' id='word_1_93' title='bbox 1177 1444 1280 1544; x_wconf 91' lang='lat' dir='ltr'><strong>quod</strong></span> <span class='ocrx_word' id='word_1_94' title='bbox 1305 1446 1355 1521; x_wconf 87' lang='lat' dir='ltr'><strong>est</strong></span> <span class='ocrx_word' id='word_1_95' title='bbox 1375 1463 1503 1524; x_wconf 85' lang='lat' dir='ltr'><strong>contra</strong></span> <span class='ocrx_word' id='word_1_96' title='bbox 1529 1449 1804 1548; x_wconf 64' lang='lat' dir='ltr'><strong>experientiam</strong></span> <span class='ocrx_word' id='word_1_97' title='bbox 1836 1435 1934 1521; x_wconf 84' lang='lat' dir='ltr'><strong>Haec·</strong></span> 
     </span>
     <span class='ocr_line' id='line_1_11' title="bbox 536 1557 1935 1663; baseline -0.002 -22"><span class='ocrx_word' id='word_1_98' title='bbox 536 1574 659 1641; x_wconf 82' lang='lat' dir='ltr'><strong>tamen</strong></span> <span class='ocrx_word' id='word_1_99' title='bbox 690 1564 727 1640; x_wconf 89' lang='lat'>&amp;</span> <span class='ocrx_word' id='word_1_100' title='bbox 754 1561 819 1638; x_wconf 90' lang='lat' dir='ltr'><strong>alia</strong></span> <span class='ocrx_word' id='word_1_101' title='bbox 853 1585 932 1636; x_wconf 84' lang='lat' dir='ltr'><strong>non</strong></span> <span class='ocrx_word' id='word_1_102' title='bbox 959 1577 1128 1660; x_wconf 85' lang='lat' dir='ltr'><strong>poterant</strong></span> <span class='ocrx_word' id='word_1_103' title='bbox 1149 1562 1344 1640; x_wconf 79' lang='lat' dir='ltr'><strong>satisfacere</strong></span> <span class='ocrx_word' id='word_1_104' title='bbox 1375 1561 1708 1644; x_wconf 79' lang='lat' dir='ltr'><strong>Varroaonro</strong></span> <span class='ocrx_word' id='word_1_105' title='bbox 1735 1557 1935 1663; x_wconf 74' lang='lat' dir='ltr'><strong>perunaci-</strong></span> 
     </span>
     <span class='ocr_line' id='line_1_12' title="bbox 536 1677 1936 1782; baseline -0.003 -23"><span class='ocrx_word' id='word_1_106' title='bbox 536 1693 593 1759; x_wconf 89' lang='lat' dir='ltr'><strong>ter</strong></span> <span class='ocrx_word' id='word_1_107' title='bbox 618 1680 806 1758; x_wconf 83' lang='lat' dir='ltr'><strong>inhaerenti</strong></span> <span class='ocrx_word' id='word_1_108' title='bbox 833 1677 896 1754; x_wconf 87' lang='lat' dir='ltr'><strong>suo</strong></span> <span class='ocrx_word' id='word_1_109' title='bbox 919 1681 1060 1770; x_wconf 80' lang='lat' dir='ltr'><strong>errori,</strong></span> <span class='ocrx_word' id='word_1_110' title='bbox 1093 1679 1130 1756; x_wconf 87' lang='lat'>&amp;</span> <span class='ocrx_word' id='word_1_111' title='bbox 1155 1681 1258 1782; x_wconf 91' lang='lat' dir='ltr'><strong>quod</strong></span> <span class='ocrx_word' id='word_1_112' title='bbox 1288 1683 1401 1782; x_wconf 86' lang='lat' dir='ltr'><strong>magis</strong></span> <span class='ocrx_word' id='word_1_113' title='bbox 1422 1686 1586 1774; x_wconf 77' lang='lat' dir='ltr'><strong>mireris,</strong></span> <span class='ocrx_word' id='word_1_114' title='bbox 1617 1681 1701 1761; x_wconf 79' lang='lat' dir='ltr'><strong>cum</strong></span> <span class='ocrx_word' id='word_1_115' title='bbox 1724 1677 1790 1782; x_wconf 80' lang='lat' dir='ltr'><strong>ipsa</strong></span> <span class='ocrx_word' id='word_1_116' title='bbox 1807 1679 1936 1756; x_wconf 91' lang='lat' dir='ltr'><strong>addu···</strong></span> 
     </span>
     <span class='ocr_line' id='line_1_13' title="bbox 539 1797 1934 1899; baseline -0.004 -21"><span class='ocrx_word' id='word_1_117' title='bbox 539 1803 660 1878; x_wconf 87' lang='lat' dir='ltr'><strong>cerem</strong></span> <span class='ocrx_word' id='word_1_118' title='bbox 685 1798 1029 1876; x_wconf 82' lang='lat' dir='ltr'><strong>demonstrationem</strong></span> <span class='ocrx_word' id='word_1_119' title='bbox 1062 1821 1166 1876; x_wconf 89' lang='lat' dir='ltr'><strong>more</strong></span> <span class='ocrx_word' id='word_1_120' title='bbox 1201 1797 1379 1877; x_wconf 89' lang='lat' dir='ltr'><strong>Veterum</strong></span> <span class='ocrx_word' id='word_1_121' title='bbox 1420 1800 1696 1890; x_wconf 69' lang='lat' dir='ltr'><strong>adornatatam,</strong></span> <span class='ocrx_word' id='word_1_122' title='bbox 1732 1801 1772 1876; x_wconf 90' lang='lat' dir='ltr'><strong>in</strong></span> <span class='ocrx_word' id='word_1_123' title='bbox 1816 1815 1934 1899; x_wconf 77' lang='lat' dir='ltr'><strong>quana</strong></span> 
     </span>
     <span class='ocr_line' id='line_1_14' title="bbox 539 1913 1935 2020; baseline -0.001 -28"><span class='ocrx_word' id='word_1_124' title='bbox 539 1913 676 1994; x_wconf 79' lang='lat' dir='ltr'><strong>scilicet</strong></span> <span class='ocrx_word' id='word_1_125' title='bbox 712 1917 813 1994; x_wconf 83' lang='lat' dir='ltr'><strong>nulia.</strong></span> <span class='ocrx_word' id='word_1_126' title='bbox 850 1914 990 1992; x_wconf 86' lang='lat' dir='ltr'><strong>infinite</strong></span> <span class='ocrx_word' id='word_1_127' title='bbox 1017 1939 1126 2017; x_wconf 84' lang='lat' dir='ltr'><strong>parva</strong></span> <span class='ocrx_word' id='word_1_128' title='bbox 1160 1919 1413 2018; x_wconf 82' lang='lat' dir='ltr'><strong>ingrediuntur</strong></span> <span class='ocrx_word' id='word_1_129' title='bbox 1430 1921 1505 2009; x_wconf 53' lang='lat'><strong>3&amp;</strong></span> <span class='ocrx_word' id='word_1_130' title='bbox 1535 1943 1605 2019; x_wconf 87' lang='lat' dir='ltr'><strong>qua</strong></span> <span class='ocrx_word' id='word_1_131' title='bbox 1632 1915 1833 2020; x_wconf 72' lang='lat' dir='ltr'><strong>apodictica</strong></span> <span class='ocrx_word' id='word_1_132' title='bbox 1868 1915 1935 1991; x_wconf 90' lang='lat' dir='ltr'><strong>de·-</strong></span> 
     </span>
     <span class='ocr_line' id='line_1_15' title="bbox 540 2033 2007 2136; baseline -0.004 -24"><span class='ocrx_word' id='word_1_133' title='bbox 540 2035 790 2112; x_wconf 84' lang='lat' dir='ltr'><strong>monstrabam</strong></span> <span class='ocrx_word' id='word_1_134' title='bbox 821 2055 1059 2112; x_wconf 84' lang='lat' dir='ltr'><strong>communem</strong></span> <span class='ocrx_word' id='word_1_135' title='bbox 1100 2033 1308 2114; x_wconf 82' lang='lat' dir='ltr'><strong>sententiam</strong></span> <span class='ocrx_word' id='word_1_136' title='bbox 1334 2087 1348 2133; x_wconf 93' lang='lat'>‚</span> <span class='ocrx_word' id='word_1_137' title='bbox 1378 2037 1483 2136; x_wconf 80' lang='lat' dir='ltr'><strong>quod</strong></span> <span class='ocrx_word' id='word_1_138' title='bbox 1517 2059 1625 2135; x_wconf 83' lang='lat' dir='ltr'><strong>graue</strong></span> <span class='ocrx_word' id='word_1_139' title='bbox 1654 2039 1860 2134; x_wconf 72' lang='lat' dir='ltr'><strong>agitatum,</strong></span> <span class='ocrx_word' id='word_1_140' title='bbox 1893 2033 1938 2106; x_wconf 84' lang='lat' dir='ltr'><strong>in·</strong></span> <span class='ocrx_word' id='word_1_141' title='bbox 2003 2092 2007 2098; x_wconf 93' lang='lat'>.</span> 
     </span>
     <span class='ocr_line' id='line_1_16' title="bbox 542 2147 1943 2254; baseline -0.003 -24"><span class='ocrx_word' id='word_1_142' title='bbox 542 2153 833 2230; x_wconf 68' lang='lat' dir='ltr'><strong>circumferentia</strong></span> <span class='ocrx_word' id='word_1_143' title='bbox 860 2147 988 2228; x_wconf 86' lang='lat' dir='ltr'><strong>circuli</strong></span> <span class='ocrx_word' id='word_1_144' title='bbox 1019 2151 1286 2242; x_wconf 71' lang='lat' dir='ltr'><strong>horizontaiis,</strong></span> <span class='ocrx_word' id='word_1_145' title='bbox 1306 2153 1487 2231; x_wconf 78' lang='lat' dir='ltr'><strong>celeritate</strong></span> <span class='ocrx_word' id='word_1_146' title='bbox 1513 2155 1643 2254; x_wconf 73' lang='lat' dir='ltr'><strong>aquali</strong></span> <span class='ocrx_word' id='word_1_147' title='bbox 1666 2153 1721 2230; x_wconf 88' lang='lat' dir='ltr'><strong>illi·</strong></span> <span class='ocrx_word' id='word_1_148' title='bbox 1743 2175 1851 2252; x_wconf 86' lang='lat' dir='ltr'><strong>quam</strong></span> <span class='ocrx_word' id='word_1_149' title='bbox 1875 2171 1943 2226; x_wconf 75' lang='lat' dir='ltr'><strong>ac-</strong></span> 
     </span>
    </p>
   </div>
   <div class='ocr_carea' id='block_1_4' title="bbox 401 2267 1941 2371">
    <p class='ocr_par' dir='ltr' id='par_1_4' title="bbox 401 2267 1941 2371">
     <span class='ocr_line' id='line_1_17' title="bbox 401 2267 1941 2371; baseline 0 -29"><span class='ocrx_word' id='word_1_150' title='bbox 401 2333 403 2342; x_wconf 87' lang='grc'><em>,</em></span> <span class='ocrx_word' id='word_1_151' title='bbox 543 2274 701 2371; x_wconf 86' lang='lat' dir='ltr'><strong>quirerer</strong></span> <span class='ocrx_word' id='word_1_152' title='bbox 727 2267 895 2346; x_wconf 81' lang='lat' dir='ltr'><strong>cadendo</strong></span> <span class='ocrx_word' id='word_1_153' title='bbox 925 2291 974 2344; x_wconf 80' lang='lat' dir='ltr'><strong>err</strong></span> <span class='ocrx_word' id='word_1_154' title='bbox 995 2267 1186 2346; x_wconf 83' lang='lat' dir='ltr'><strong>altitudine</strong></span> <span class='ocrx_word' id='word_1_155' title='bbox 1216 2269 1696 2362; x_wconf 52' lang='grc'><strong>1333133311111113331333113</strong></span> <span class='ocrx_word' id='word_1_156' title='bbox 1727 2267 1941 2346; x_wconf 80' lang='lat' dir='ltr'><strong>habiturum·</strong></span> 
     </span>
    </p>
   </div>
   <div class='ocr_carea' id='block_1_5' title="bbox 434 2378 1952 3078">
    <p class='ocr_par' dir='ltr' id='par_1_5' title="bbox 434 2378 1952 3078">
     <span class='ocr_line' id='line_1_18' title="bbox 515 2378 1939 2488; baseline 0.001 -30"><span class='ocrx_word' id='word_1_157' title='bbox 515 2387 587 2466; x_wconf 77' lang='lat' dir='ltr'><strong>sit</strong></span> <span class='ocrx_word' id='word_1_158' title='bbox 617 2391 693 2465; x_wconf 80' lang='lat' dir='ltr'><strong>vina</strong></span> <span class='ocrx_word' id='word_1_159' title='bbox 715 2387 953 2484; x_wconf 81' lang='lat' dir='ltr'><strong>centrisugam</strong></span> <span class='ocrx_word' id='word_1_160' title='bbox 981 2385 1156 2486; x_wconf 87' lang='lat' dir='ltr'><strong>aequal&#39;em</strong></span> <span class='ocrx_word' id='word_1_161' title='bbox 1184 2383 1253 2466; x_wconf 83' lang='lat' dir='ltr'><strong>suae</strong></span> <span class='ocrx_word' id='word_1_162' title='bbox 1277 2389 1467 2488; x_wconf 77' lang='lat' dir='ltr'><strong>grauitati:¹</strong></span> <span class='ocrx_word' id='word_1_163' title='bbox 1488 2387 1535 2468; x_wconf 89' lang='lat' dir='ltr'><strong>Et</strong></span> <span class='ocrx_word' id='word_1_164' title='bbox 1559 2413 1682 2478; x_wconf 15' lang='lat' dir='ltr'><strong>cuma,</strong></span> <span class='ocrx_word' id='word_1_165' title='bbox 1710 2391 1748 2464; x_wconf 88' lang='lat' dir='ltr'><strong>in</strong></span> <span class='ocrx_word' id='word_1_166' title='bbox 1774 2378 1836 2464; x_wconf 88' lang='lat' dir='ltr'><strong>illa</strong></span> <span class='ocrx_word' id='word_1_167' title='bbox 1869 2385 1939 2461; x_wconf 81' lang='lat' dir='ltr'><strong>de-</strong></span> 
     </span>
     <span class='ocr_line' id='line_1_19' title="bbox 544 2499 1946 2608; baseline -0.005 -24"><span class='ocrx_word' id='word_1_168' title='bbox 544 2507 807 2584; x_wconf 84' lang='lat' dir='ltr'><strong>monstratione</strong></span> <span class='ocrx_word' id='word_1_169' title='bbox 840 2503 1127 2605; x_wconf 80' lang='lat' dir='ltr'><strong>supponerem,</strong></span> <span class='ocrx_word' id='word_1_170' title='bbox 1155 2521 1327 2608; x_wconf 85' lang='lat' dir='ltr'><strong>tanquam</strong></span> <span class='ocrx_word' id='word_1_171' title='bbox 1364 2509 1546 2596; x_wconf 84' lang='lat' dir='ltr'><strong>axioma,</strong></span> <span class='ocrx_word' id='word_1_172' title='bbox 1575 2505 1679 2608; x_wconf 85' lang='lat' dir='ltr'><strong>quod</strong></span> <span class='ocrx_word' id='word_1_173' title='bbox 1707 2504 1847 2581; x_wconf 85' lang='lat' dir='ltr'><strong>mobiie</strong></span> <span class='ocrx_word' id='word_1_174' title='bbox 1874 2499 1946 2579; x_wconf 75' lang='lat' dir='ltr'><strong>alt-</strong></span> 
     </span>
     <span class='ocr_line' id='line_1_20' title="bbox 434 2621 1942 2726; baseline -0.005 -24"><span class='ocrx_word' id='word_1_175' title='bbox 434 2715 443 2724; x_wconf 19' lang='grc' dir='ltr'>κ</span> <span class='ocrx_word' id='word_1_176' title='bbox 543 2626 647 2726; x_wconf 86' lang='lat' dir='ltr'><strong>quod</strong></span> <span class='ocrx_word' id='word_1_177' title='bbox 677 2627 858 2722; x_wconf 82' lang='lat' dir='ltr'><strong>agitatum</strong></span> <span class='ocrx_word' id='word_1_178' title='bbox 872 2621 981 2720; x_wconf 86' lang='lat' dir='ltr'><strong>super</strong></span> <span class='ocrx_word' id='word_1_179' title='bbox 1002 2641 1114 2698; x_wconf 83' lang='lat' dir='ltr'><strong>curva</strong></span> <span class='ocrx_word' id='word_1_180' title='bbox 1142 2621 1287 2722; x_wconf 71' lang='lat' dir='ltr'><strong>aliqua,</strong></span> <span class='ocrx_word' id='word_1_181' title='bbox 1312 2627 1353 2702; x_wconf 90' lang='lat' dir='ltr'><strong>i-n·</strong></span> <span class='ocrx_word' id='word_1_182' title='bbox 1376 2623 1545 2725; x_wconf 87' lang='lat' dir='ltr'><strong>quolibet</strong></span> <span class='ocrx_word' id='word_1_183' title='bbox 1568 2627 1643 2723; x_wconf 81' lang='lat' dir='ltr'><strong>ejus</strong></span> <span class='ocrx_word' id='word_1_184' title='bbox 1670 2621 1831 2723; x_wconf 70' lang='lat' dir='ltr'><strong>puncto,</strong></span> <span class='ocrx_word' id='word_1_185' title='bbox 1854 2642 1942 2696; x_wconf 87' lang='lat' dir='ltr'><strong>eam</strong></span> 
     </span>
     <span class='ocr_line' id='line_1_21' title="bbox 545 2731 1948 2844; baseline -0.007 -22"><span class='ocrx_word' id='word_1_186' title='bbox 545 2744 754 2822; x_wconf 87' lang='lat' dir='ltr'><strong>habiturum</strong></span> <span class='ocrx_word' id='word_1_187' title='bbox 791 2731 849 2819; x_wconf 82' lang='lat' dir='ltr'><strong>&#39;fit</strong></span> <span class='ocrx_word' id='word_1_188' title='bbox 889 2741 968 2814; x_wconf 79' lang='lat' dir='ltr'><strong>vim</strong></span> <span class='ocrx_word' id='word_1_189' title='bbox 1005 2737 1251 2840; x_wconf 85' lang='lat' dir='ltr'><strong>centrisugam</strong></span> <span class='ocrx_word' id='word_1_190' title='bbox 1293 2795 1307 2831; x_wconf 10' lang='lat' dir='ltr'><strong>,a</strong></span> <span class='ocrx_word' id='word_1_191' title='bbox 1364 2765 1473 2844; x_wconf 85' lang='lat' dir='ltr'><strong>quarn</strong></span> <span class='ocrx_word' id='word_1_192' title='bbox 1520 2735 1669 2818; x_wconf 80' lang='lat' dir='ltr'><strong>haberet</strong></span> <span class='ocrx_word' id='word_1_193' title='bbox 1715 2739 1741 2818; x_wconf 85' lang='grc'><strong>11</strong></span> <span class='ocrx_word' id='word_1_194' title='bbox 1792 2741 1948 2837; x_wconf 80' lang='lat' dir='ltr'><strong>agitare-</strong></span> 
     </span>
     <span class='ocr_line' id='line_1_22' title="bbox 545 2855 1945 2958; baseline -0.006 -21"><span class='ocrx_word' id='word_1_195' title='bbox 545 2873 607 2937; x_wconf 87' lang='lat' dir='ltr'><strong>tur</strong></span> <span class='ocrx_word' id='word_1_196' title='bbox 641 2855 770 2957; x_wconf 85' lang='lat' dir='ltr'><strong>aequali</strong></span> <span class='ocrx_word' id='word_1_197' title='bbox 808 2855 1003 2933; x_wconf 81' lang='lat' dir='ltr'><strong>velocitate</strong></span> <span class='ocrx_word' id='word_1_198' title='bbox 1042 2858 1147 2958; x_wconf 89' lang='lat' dir='ltr'><strong>super</strong></span> <span class='ocrx_word' id='word_1_199' title='bbox 1197 2859 1484 2936; x_wconf 84' lang='lat' dir='ltr'><strong>circumferentia</strong></span> <span class='ocrx_word' id='word_1_200' title='bbox 1529 2860 1658 2936; x_wconf 87' lang='lat' dir='ltr'><strong>circuli</strong></span> <span class='ocrx_word' id='word_1_201' title='bbox 1700 2879 1853 2936; x_wconf 78' lang='lat' dir='ltr'><strong>curvam</strong></span> <span class='ocrx_word' id='word_1_202' title='bbox 1903 2855 1945 2930; x_wconf 86' lang='lat' dir='ltr'><strong>in</strong></span> 
     </span>
     <span class='ocr_line' id='line_1_23' title="bbox 548 2967 1952 3078; baseline -0.006 -23"><span class='ocrx_word' id='word_1_203' title='bbox 548 3002 595 3055; x_wconf 87' lang='lat' dir='ltr'><strong>eo</strong></span> <span class='ocrx_word' id='word_1_204' title='bbox 618 2968 754 3078; x_wconf 72' lang='lat' dir='ltr'><strong>pontio</strong></span> <span class='ocrx_word' id='word_1_205' title='bbox 783 2972 1007 3068; x_wconf 80' lang='lat' dir='ltr'><strong>osculantis,</strong></span> <span class='ocrx_word' id='word_1_206' title='bbox 1036 2967 1388 3054; x_wconf 78' lang='lat' dir='ltr'><strong>Vcnrononrua</strong></span> <span class='ocrx_word' id='word_1_207' title='bbox 1418 2973 1642 3078; x_wconf 75' lang='lat' dir='ltr'><strong>suppositum</strong></span> <span class='ocrx_word' id='word_1_208' title='bbox 1669 2973 1745 3054; x_wconf 89' lang='lat' dir='ltr'><strong>hoc</strong></span> <span class='ocrx_word' id='word_1_209' title='bbox 1769 3027 1785 3064; x_wconf 84' lang='grc'><strong>,-</strong></span> <span class='ocrx_word' id='word_1_210' title='bbox 1810 2987 1952 3074; x_wconf 81' lang='lat' dir='ltr'><strong>praeter</strong></span> 
     </span>
    </p>
   </div>
   <div class='ocr_carea' id='block_1_6' title="bbox 426 3089 1950 3201">
    <p class='ocr_par' dir='ltr' id='par_1_6' title="bbox 426 3089 1950 3201">
     <span class='ocr_line' id='line_1_24' title="bbox 426 3089 1950 3201; baseline -0.005 -29"><span class='ocrx_word' id='word_1_211' title='bbox 426 3197 428 3201; x_wconf 16' lang='grc' dir='ltr'>Ι</span> <span class='ocrx_word' id='word_1_212' title='bbox 548 3117 700 3172; x_wconf 87' lang='lat' dir='ltr'><strong>omnem</strong></span> <span class='ocrx_word' id='word_1_213' title='bbox 721 3090 1037 3191; x_wconf 74' lang='lat' dir='ltr'><strong>expestarionem,</strong></span> <span class='ocrx_word' id='word_1_214' title='bbox 1064 3089 1155 3168; x_wconf 86' lang='lat' dir='ltr'><strong>mihi</strong></span> <span class='ocrx_word' id='word_1_215' title='bbox 1182 3096 1352 3198; x_wconf 86' lang='lat' dir='ltr'><strong>negavit,</strong></span> <span class='ocrx_word' id='word_1_216' title='bbox 1374 3089 1585 3196; x_wconf 82' lang='lat' dir='ltr'><strong>asseruitque</strong></span> <span class='ocrx_word' id='word_1_217' title='bbox 1604 3098 1679 3172; x_wconf 86' lang='lat' dir='ltr'><strong>vim</strong></span> <span class='ocrx_word' id='word_1_218' title='bbox 1704 3091 1950 3188; x_wconf 86' lang='lat' dir='ltr'><strong>centrifugam·</strong></span> 
     </span>
    </p>
   </div>
   <div class='ocr_carea' id='block_1_7' title="bbox 469 3205 2000 4376">
    <p class='ocr_par' dir='ltr' id='par_1_7' title="bbox 469 3205 2000 4376">
     <span class='ocr_line' id='line_1_25' title="bbox 548 3205 1950 3314; baseline -0.004 -24"><span class='ocrx_word' id='word_1_219' title='bbox 548 3211 655 3314; x_wconf 87' lang='lat' dir='ltr'><strong>super</strong></span> <span class='ocrx_word' id='word_1_220' title='bbox 686 3209 825 3286; x_wconf 88' lang='lat' dir='ltr'><strong>circulo</strong></span> <span class='ocrx_word' id='word_1_221' title='bbox 857 3208 1041 3288; x_wconf 74' lang='lat' dir='ltr'><strong>osculante</strong></span> <span class='ocrx_word' id='word_1_222' title='bbox 1071 3207 1222 3306; x_wconf 85' lang='lat' dir='ltr'><strong>duplam</strong></span> <span class='ocrx_word' id='word_1_223' title='bbox 1244 3207 1318 3288; x_wconf 86' lang='lat' dir='ltr'><strong>esse</strong></span> <span class='ocrx_word' id='word_1_224' title='bbox 1349 3207 1424 3308; x_wconf 72' lang='lat' dir='ltr'><strong>ejus</strong></span> <span class='ocrx_word' id='word_1_225' title='bbox 1450 3233 1558 3312; x_wconf 87' lang='lat' dir='ltr'><strong>quarn</strong></span> <span class='ocrx_word' id='word_1_226' title='bbox 1584 3213 1723 3290; x_wconf 88' lang='lat' dir='ltr'><strong>mobile</strong></span> <span class='ocrx_word' id='word_1_227' title='bbox 1748 3209 1856 3290; x_wconf 88' lang='lat' dir='ltr'><strong>habet</strong></span> <span class='ocrx_word' id='word_1_228' title='bbox 1888 3205 1950 3284; x_wconf 87' lang='lat' dir='ltr'><strong>su·</strong></span> 
     </span>
     <span class='ocr_line' id='line_1_26' title="bbox 469 3325 1952 3436; baseline -0.002 -29"><span class='ocrx_word' id='word_1_229' title='bbox 469 3385 483 3414; x_wconf 37' lang='grc'>7</span> <span class='ocrx_word' id='word_1_230' title='bbox 549 3353 616 3436; x_wconf 83' lang='lat' dir='ltr'><strong>per</strong></span> <span class='ocrx_word' id='word_1_231' title='bbox 641 3345 749 3406; x_wconf 76' lang='lat' dir='ltr'><strong>curra</strong></span> <span class='ocrx_word' id='word_1_232' title='bbox 783 3331 819 3404; x_wconf 90' lang='lat' dir='ltr'><strong>in</strong></span> <span class='ocrx_word' id='word_1_233' title='bbox 858 3325 997 3428; x_wconf 79' lang='lat' dir='ltr'><strong>puosto·</strong></span> <span class='ocrx_word' id='word_1_234' title='bbox 1024 3325 1177 3420; x_wconf 84' lang='lat' dir='ltr'><strong>osculi3</strong></span> <span class='ocrx_word' id='word_1_235' title='bbox 1218 3331 1321 3427; x_wconf 82' lang='lat' dir='ltr'><strong>cujus</strong></span> <span class='ocrx_word' id='word_1_236' title='bbox 1360 3332 1412 3404; x_wconf 87' lang='lat' dir='ltr'><strong>rei</strong></span> <span class='ocrx_word' id='word_1_237' title='bbox 1439 3328 1628 3409; x_wconf 83' lang='lat' dir='ltr'><strong>falsitatem·</strong></span> <span class='ocrx_word' id='word_1_238' title='bbox 1662 3353 1738 3430; x_wconf 82' lang='lat' dir='ltr'><strong>ego</strong></span> <span class='ocrx_word' id='word_1_239' title='bbox 1775 3333 1952 3432; x_wconf 81' lang='lat' dir='ltr'><strong>protinus·</strong></span> 
     </span>
     <span class='ocr_line' id='line_1_27' title="bbox 469 3437 1952 3545; baseline -0.003 -18"><span class='ocrx_word' id='word_1_240' title='bbox 469 3457 472 3467; x_wconf 91' lang='lat'>&#39;</span> <span class='ocrx_word' id='word_1_241' title='bbox 537 3447 779 3544; x_wconf 44' lang='lat' dir='ltr'><strong>,refutabam</strong></span> <span class='ocrx_word' id='word_1_242' title='bbox 805 3443 820 3538; x_wconf 92' lang='lat'><strong>[</strong></span> <span class='ocrx_word' id='word_1_243' title='bbox 847 3443 950 3545; x_wconf 86' lang='lat' dir='ltr'><strong>quod</strong></span> <span class='ocrx_word' id='word_1_244' title='bbox 979 3437 1072 3521; x_wconf 71' lang='lat' dir='ltr'><strong>iaetu</strong></span> <span class='ocrx_word' id='word_1_245' title='bbox 1100 3443 1205 3522; x_wconf 82' lang='lat' dir='ltr'><strong>facile</strong></span> <span class='ocrx_word' id='word_1_246' title='bbox 1234 3443 1328 3524; x_wconf 72' lang='lat' dir='ltr'><strong>mihi?</strong></span> <span class='ocrx_word' id='word_1_247' title='bbox 1359 3445 1465 3540; x_wconf 91' lang='lat' dir='ltr'><strong>erat]</strong></span> <span class='ocrx_word' id='word_1_248' title='bbox 1499 3446 1568 3524; x_wconf 86' lang='lat' dir='ltr'><strong>alia·-</strong></span> <span class='ocrx_word' id='word_1_249' title='bbox 1594 3471 1691 3528; x_wconf 85' lang='lat' dir='ltr'><strong>nova</strong></span> <span class='ocrx_word' id='word_1_250' title='bbox 1724 3447 1952 3526; x_wconf 84' lang='lat' dir='ltr'><strong>demonstra-</strong></span> 
     </span>
     <span class='ocr_line' id='line_1_28' title="bbox 550 3559 1952 3665; baseline -0.004 -20"><span class='ocrx_word' id='word_1_251' title='bbox 550 3565 682 3654; x_wconf 85' lang='lat' dir='ltr'><strong>tione,</strong></span> <span class='ocrx_word' id='word_1_252' title='bbox 712 3587 783 3665; x_wconf 80' lang='lat' dir='ltr'><strong>que</strong></span> <span class='ocrx_word' id='word_1_253' title='bbox 805 3565 1018 3662; x_wconf 73' lang='lat' dir='ltr'><strong>&#39;anagogice</strong></span> <span class='ocrx_word' id='word_1_254' title='bbox 1052 3559 1195 3638; x_wconf 83' lang='lat' dir='ltr'><strong>ostendi</strong></span> <span class='ocrx_word' id='word_1_255' title='bbox 1224 3563 1446 3644; x_wconf 86' lang='lat' dir='ltr'><strong>manifestam</strong></span> <span class='ocrx_word' id='word_1_256' title='bbox 1470 3561 1573 3665; x_wconf 84' lang='lat' dir='ltr'><strong>sequi</strong></span> <span class='ocrx_word' id='word_1_257' title='bbox 1597 3565 1952 3652; x_wconf 64' lang='lat' dir='ltr'><strong>contradictionem,</strong></span> 
     </span>
     <span class='ocr_line' id='line_1_29' title="bbox 551 3677 1952 3786; baseline -0.004 -24"><span class='ocrx_word' id='word_1_258' title='bbox 551 3683 743 3762; x_wconf 75' lang='lat' dir='ltr'><strong>fi‘dicatua</strong></span> <span class='ocrx_word' id='word_1_259' title='bbox 764 3683 856 3756; x_wconf 79' lang='lat' dir='ltr'><strong>vires</strong></span> <span class='ocrx_word' id='word_1_260' title='bbox 882 3677 961 3758; x_wconf 83' lang='lat' dir='ltr'><strong>illas·</strong></span> <span class='ocrx_word' id='word_1_261' title='bbox 983 3677 1070 3756; x_wconf 82' lang='lat' dir='ltr'><strong>duas</strong></span> <span class='ocrx_word' id='word_1_262' title='bbox 1093 3681 1330 3784; x_wconf 84' lang='lat' dir='ltr'><strong>centrifugae,</strong></span> <span class='ocrx_word' id='word_1_263' title='bbox 1364 3679 1471 3783; x_wconf 87' lang='lat' dir='ltr'><strong>super</strong></span> <span class='ocrx_word' id='word_1_264' title='bbox 1493 3702 1605 3762; x_wconf 81' lang='lat' dir='ltr'><strong>curva·</strong></span> <span class='ocrx_word' id='word_1_265' title='bbox 1624 3683 1661 3760; x_wconf 89' lang='lat'>&amp;</span> <span class='ocrx_word' id='word_1_266' title='bbox 1685 3684 1791 3786; x_wconf 85' lang='lat' dir='ltr'><strong>super</strong></span> <span class='ocrx_word' id='word_1_267' title='bbox 1806 3682 1952 3761; x_wconf 86' lang='lat' dir='ltr'><strong>circulo</strong></span> 
     </span>
     <span class='ocr_line' id='line_1_30' title="bbox 554 3791 1953 3904; baseline -0.004 -24"><span class='ocrx_word' id='word_1_268' title='bbox 554 3802 761 3888; x_wconf 72' lang='lat' dir='ltr'><strong>osculante,</strong></span> <span class='ocrx_word' id='word_1_269' title='bbox 788 3791 855 3874; x_wconf 76' lang='lat' dir='ltr'><strong>ess&#39;e</strong></span> <span class='ocrx_word' id='word_1_270' title='bbox 884 3798 1109 3901; x_wconf 49' lang='lat' dir='ltr'><strong>inaequalem</strong></span> <span class='ocrx_word' id='word_1_271' title='bbox 1142 3797 1460 3900; x_wconf 81' lang='lat' dir='ltr'><strong>perconseqoens</strong></span> <span class='ocrx_word' id='word_1_272' title='bbox 1492 3821 1605 3879; x_wconf 83' lang='lat' dir='ltr'><strong>uuam</strong></span> <span class='ocrx_word' id='word_1_273' title='bbox 1637 3825 1714 3878; x_wconf 90' lang='lat' dir='ltr'><strong>non</strong></span> <span class='ocrx_word' id='word_1_274' title='bbox 1747 3797 1848 3904; x_wconf 88' lang='lat' dir='ltr'><strong>posse</strong></span> <span class='ocrx_word' id='word_1_275' title='bbox 1876 3797 1953 3891; x_wconf 76' lang='lat' dir='ltr'><strong>esse</strong></span> 
     </span>
     <span class='ocr_line' id='line_1_31' title="bbox 553 3907 1958 4026; baseline -0.002 -31"><span class='ocrx_word' id='word_1_276' title='bbox 553 3919 705 4016; x_wconf 81' lang='lat' dir='ltr'><strong>duplam</strong></span> <span class='ocrx_word' id='word_1_277' title='bbox 730 3907 900 4012; x_wconf 83' lang='lat' dir='ltr'><strong>al&#39;teriua3</strong></span> <span class='ocrx_word' id='word_1_278' title='bbox 927 3922 977 3996; x_wconf 89' lang='lat' dir='ltr'><strong>ad.</strong></span> <span class='ocrx_word' id='word_1_279' title='bbox 997 3915 1090 3996; x_wconf 84' lang='lat' dir='ltr'><strong>hanc</strong></span> <span class='ocrx_word' id='word_1_280' title='bbox 1118 3939 1256 4016; x_wconf 75' lang='lat' dir='ltr'><strong>nouam</strong></span> <span class='ocrx_word' id='word_1_281' title='bbox 1282 3917 1634 3998; x_wconf 84' lang='lat' dir='ltr'><strong>demonstrationem</strong></span> <span class='ocrx_word' id='word_1_282' title='bbox 1664 3920 1760 3998; x_wconf 85' lang='lat' dir='ltr'><strong>nihii</strong></span> <span class='ocrx_word' id='word_1_283' title='bbox 1782 3918 1881 3998; x_wconf 88' lang='lat' dir='ltr'><strong>aliud</strong></span> <span class='ocrx_word' id='word_1_284' title='bbox 1895 3941 1958 4026; x_wconf 77' lang='lat' dir='ltr'><strong>re-</strong></span> 
     </span>
     <span class='ocr_line' id='line_1_32' title="bbox 554 4023 1955 4136; baseline 0 -26"><span class='ocrx_word' id='word_1_285' title='bbox 554 4036 676 4136; x_wconf 83' lang='lat' dir='ltr'><strong>posuit</strong></span> <span class='ocrx_word' id='word_1_286' title='bbox 715 4023 821 4110; x_wconf 72' lang='lat' dir='ltr'><strong>uia</strong></span> <span class='ocrx_word' id='word_1_287' title='bbox 840 4059 850 4112; x_wconf 88' lang='lat' dir='ltr'><strong>r</strong></span> <span class='ocrx_word' id='word_1_288' title='bbox 867 4059 931 4114; x_wconf 81' lang='lat' dir='ltr'><strong>on</strong></span> <span class='ocrx_word' id='word_1_289' title='bbox 946 4061 971 4114; x_wconf 92' lang='lat' dir='ltr'><strong>o</strong></span> <span class='ocrx_word' id='word_1_290' title='bbox 986 4053 1012 4110; x_wconf 81' lang='lat' dir='ltr'><strong>n</strong></span> <span class='ocrx_word' id='word_1_291' title='bbox 1029 4059 1107 4113; x_wconf 80' lang='lat' dir='ltr'><strong>rus</strong></span> <span class='ocrx_word' id='word_1_292' title='bbox 1130 4092 1145 4123; x_wconf 82' lang='lat'><strong>,.</strong></span> <span class='ocrx_word' id='word_1_293' title='bbox 1176 4057 1283 4132; x_wconf 86' lang='lat' dir='ltr'><strong>quam</strong></span> <span class='ocrx_word' id='word_1_294' title='bbox 1306 4027 1358 4108; x_wconf 84' lang='lat' dir='ltr'><strong>&#39;se</strong></span> <span class='ocrx_word' id='word_1_295' title='bbox 1390 4036 1506 4112; x_wconf 86' lang='lat' dir='ltr'><strong>multa</strong></span> <span class='ocrx_word' id='word_1_296' title='bbox 1534 4035 1691 4115; x_wconf 87' lang='lat' dir='ltr'><strong>dicenda</strong></span> <span class='ocrx_word' id='word_1_297' title='bbox 1721 4039 1846 4114; x_wconf 88' lang='lat' dir='ltr'><strong>videre</strong></span> <span class='ocrx_word' id='word_1_298' title='bbox 1875 4093 1887 4124; x_wconf 91' lang='lat'>,</span> <span class='ocrx_word' id='word_1_299' title='bbox 1917 4032 1955 4110; x_wconf 88' lang='lat' dir='ltr'><strong>se</strong></span> 
     </span>
     <span class='ocr_line' id='line_1_33' title="bbox 555 4143 1957 4256; baseline 0.002 -29"><span class='ocrx_word' id='word_1_300' title='bbox 555 4175 646 4230; x_wconf 80' lang='lat' dir='ltr'><strong>nero</strong></span> <span class='ocrx_word' id='word_1_301' title='bbox 670 4151 761 4227; x_wconf 83' lang='lat' dir='ltr'><strong>velle</strong></span> <span class='ocrx_word' id='word_1_302' title='bbox 790 4177 830 4229; x_wconf 86' lang='lat' dir='ltr'><strong>ea</strong></span> <span class='ocrx_word' id='word_1_303' title='bbox 854 4157 1029 4234; x_wconf 87' lang='lat' dir='ltr'><strong>reservare</strong></span> <span class='ocrx_word' id='word_1_304' title='bbox 1060 4157 1100 4230; x_wconf 89' lang='lat' dir='ltr'><strong>in·</strong></span> <span class='ocrx_word' id='word_1_305' title='bbox 1128 4151 1284 4256; x_wconf 83' lang='lat' dir='ltr'><strong>reditum</strong></span> <span class='ocrx_word' id='word_1_306' title='bbox 1308 4176 1433 4230; x_wconf 85' lang='lat' dir='ltr'><strong>meum</strong></span> <span class='ocrx_word' id='word_1_307' title='bbox 1461 4159 1499 4232; x_wconf 84' lang='lat' dir='ltr'><strong>in</strong></span> <span class='ocrx_word' id='word_1_308' title='bbox 1521 4149 1684 4234; x_wconf 81' lang='lat' dir='ltr'><strong>Patriam.</strong></span> <span class='ocrx_word' id='word_1_309' title='bbox 1720 4153 1836 4250; x_wconf 85' lang='lat' dir='ltr'><strong>Quod</strong></span> <span class='ocrx_word' id='word_1_310' title='bbox 1860 4143 1957 4230; x_wconf 73' lang='lat' dir='ltr'><strong>vero</strong></span> 
     </span>
     <span class='ocr_line' id='line_1_34' title="bbox 555 4265 2000 4376; baseline -0.003 -27"><span class='ocrx_word' id='word_1_311' title='bbox 555 4271 719 4354; x_wconf 68' lang='lat' dir='ltr'><strong>habeat‚r</strong></span> <span class='ocrx_word' id='word_1_312' title='bbox 740 4293 785 4345; x_wconf 88' lang='lat' dir='ltr'><strong>ne</strong></span> <span class='ocrx_word' id='word_1_313' title='bbox 820 4271 874 4346; x_wconf 83' lang='lat' dir='ltr'><strong>vei</strong></span> <span class='ocrx_word' id='word_1_314' title='bbox 909 4273 1108 4350; x_wconf 85' lang='lat' dir='ltr'><strong>divinando</strong></span> <span class='ocrx_word' id='word_1_315' title='bbox 1137 4267 1271 4374; x_wconf 88' lang='lat' dir='ltr'><strong>assequi</strong></span> <span class='ocrx_word' id='word_1_316' title='bbox 1304 4265 1457 4376; x_wconf 81' lang='lat' dir='ltr'><strong>poffim:</strong></span> <span class='ocrx_word' id='word_1_317' title='bbox 1485 4273 1568 4353; x_wconf 82' lang='lat' dir='ltr'><strong>suot</strong></span> <span class='ocrx_word' id='word_1_318' title='bbox 1595 4277 1699 4354; x_wconf 85' lang='lat' dir='ltr'><strong>enim</strong></span> <span class='ocrx_word' id='word_1_319' title='bbox 1729 4271 1960 4356; x_wconf 76' lang='lat' dir='ltr'><strong>demonstra·</strong></span> <span class='ocrx_word' id='word_1_320' title='bbox 1995 4304 2000 4308; x_wconf 33' lang='lat'><strong>¹·</strong></span> 
     </span>
    </p>
   </div>
   <div class='ocr_carea' id='block_1_8' title="bbox 406 4385 1960 4486">
    <p class='ocr_par' dir='ltr' id='par_1_8' title="bbox 406 4385 1960 4486">
     <span class='ocr_line' id='line_1_35' title="bbox 406 4385 1960 4486; baseline -0.006 -13"><span class='ocrx_word' id='word_1_321' title='bbox 406 4457 413 4473; x_wconf 86' lang='lat'>.</span> <span class='ocrx_word' id='word_1_322' title='bbox 554 4390 676 4468; x_wconf 87' lang='lat' dir='ltr'><strong>tiones</strong></span> <span class='ocrx_word' id='word_1_323' title='bbox 711 4388 820 4464; x_wconf 76' lang='lat' dir='ltr'><strong>nreae·&#39;&#39;</strong></span> <span class='ocrx_word' id='word_1_324' title='bbox 828 4389 903 4484; x_wconf 82' lang='lat' dir='ltr'><strong>ejus</strong></span> <span class='ocrx_word' id='word_1_325' title='bbox 938 4391 1105 4476; x_wconf 88' lang='lat' dir='ltr'><strong>roboris,</strong></span> <span class='ocrx_word' id='word_1_326' title='bbox 1136 4401 1180 4466; x_wconf 87' lang='lat' dir='ltr'><strong>ut</strong></span> <span class='ocrx_word' id='word_1_327' title='bbox 1203 4391 1261 4467; x_wconf 81' lang='lat' dir='ltr'><strong>rel</strong></span> <span class='ocrx_word' id='word_1_328' title='bbox 1292 4389 1485 4472; x_wconf 72' lang='lat' dir='ltr'><strong>Euctidaas</strong></span> <span class='ocrx_word' id='word_1_329' title='bbox 1509 4391 1568 4470; x_wconf 86' lang='lat' dir='ltr'><strong>vel</strong></span> <span class='ocrx_word' id='word_1_330' title='bbox 1596 4385 1857 4486; x_wconf 63' lang='lat' dir='ltr'><strong>Archimedem</strong></span> <span class='ocrx_word' id='word_1_331' title='bbox 1877 4409 1960 4464; x_wconf 86' lang='lat' dir='ltr'><strong>ce·</strong></span> 
     </span>
    </p>
   </div>
   <div class='ocr_carea' id='block_1_9' title="bbox 556 4503 1964 4704">
    <p class='ocr_par' dir='ltr' id='par_1_9' title="bbox 556 4503 1964 4704">
     <span class='ocr_line' id='line_1_36' title="bbox 556 4503 1964 4704; baseline -0.007 -114"><span class='ocrx_word' id='word_1_332' title='bbox 556 4509 644 4590; x_wconf 78' lang='lat' dir='ltr'><strong>uere</strong></span> <span class='ocrx_word' id='word_1_333' title='bbox 671 4517 749 4589; x_wconf 88' lang='lat' dir='ltr'><strong>non</strong></span> <span class='ocrx_word' id='word_1_334' title='bbox 776 4503 898 4586; x_wconf 77' lang='lat' dir='ltr'><strong>ausint</strong></span> <span class='ocrx_word' id='word_1_335' title='bbox 925 4505 988 4588; x_wconf 79' lang='lat' dir='ltr'><strong>‘Id</strong></span> <span class='ocrx_word' id='word_1_336' title='bbox 1018 4507 1169 4612; x_wconf 73' lang='lat' dir='ltr'><strong>quidem</strong></span> <span class='ocrx_word' id='word_1_337' title='bbox 1192 4507 1423 4618; x_wconf 75' lang='lat' dir='ltr'><strong>effecerunt,</strong></span> <span class='ocrx_word' id='word_1_338' title='bbox 1450 4511 1558 4617; x_wconf 81' lang='lat' dir='ltr'><strong>quod</strong></span> <span class='ocrx_word' id='word_1_339' title='bbox 1579 4507 1964 4704; x_wconf 50' lang='lat' dir='ltr'><strong>Varrouonssrlue-</strong></span> 
     </span>
     <span class='ocr_line' id='line_1_37' title="bbox 1043 4635 1958 4704; baseline -0.005 5"><span class='ocrx_word' id='word_1_340' title='bbox 1043 4635 1047 4648; x_wconf 90' lang='lat'><em>&#39;</em></span> <span class='ocrx_word' id='word_1_341' title='bbox 1229 4655 1235 4664; x_wconf 95' lang='lat'><em>·</em></span> <span class='ocrx_word' id='word_1_342' title='bbox 1893 4643 1958 4704; x_wconf 75' lang='lat' dir='ltr'><strong>arra</strong></span> 
     </span>
    </p>
   </div>
   <div class='ocr_carea' id='block_1_10' title="bbox 0 0 2138 5564">
    <p class='ocr_par' dir='ltr' id='par_1_10' title="bbox 0 0 2138 5564">
     <span class='ocr_line' id='line_1_38' title="bbox 0 0 2138 5564; baseline 0 0"><span class='ocrx_word' id='word_1_343' title='bbox 0 0 2138 5564; x_wconf 95' lang='lat' dir='ltr'><strong> </strong></span> 
     </span>
    </p>
   </div>
  </div>
 </body>
</html>
