4134 5554
562 402 641 484 124,
678 345 680 350 ’
777 382 1255 471 connrnorurr
1298 377 1760 454 rrrsrorrourr.

389 578 496 646 5711·
568 531 700 606 matica
727 541 800 608 tam
828 530 994 636 praeelere
1022 528 1155 603 meritis
1180 525 1218 600 δι
1245 519 1379 600 indies
1406 523 1637 600 merentibus.
1688 519 1791 618 Quid
1833 523 1967 602 absur-

385 657 483 733 Febr.
563 647 648 723 ,dius
679 645 785 722 simul
809 646 1034 723 &acerbius
1063 645 1106 720 ab
1143 663 1189 719 eo
1216 642 1290 718 dici
1314 637 1516 736 potuisset,
1556 663 1664 741 quarn
1696 641 1966 720 Nawaorrr

491 803 495 810 ·
562 763 699 840 librum
727 762 863 858 [Opus
892 781 988 840 certe
1017 758 1124 838 omni
1145 759 1249 838 laude
1275 757 1411 855 majus]
1446 761 1635 860 continere
1666 782 1782 862 meras
1810 782 1962 859 nugas,

559 883 685 982 minus
713 880 871 956 ualentes
906 901 1014 980 quam
1047 875 1226 954 Veterum
1256 875 1444 975 qualitates
1469 876 1659 954 occultas:
1695 875 1793 954 Item
1814 876 1967 954 duode-

564 1019 632 1072 nos
664 997 838 1098 quosdam
862 995 1145 1072 Mathematicus
1176 995 1242 1088 [in
1276 993 1406 1094 quibus
1433 990 1491 1070 ,Te
1526 990 1597 1070 fine
1625 993 1741 1070 dubio
1767 993 1966 1093 complec-

560 1114 677 1207 titur]
705 1111 912 1211 oongrelsos
947 1109 1043 1202 effe,
1077 1111 1113 1188 &
1139 1107 1252 1188 iniisse
1276 1109 1430 1208 speciem
1447 1111 1643 1211 quamdam
1671 1110 1871 1198 lodetttis,
1901 1111 1965 1186 vet

565 1233 776 1308 commercii
803 1227 1058 1308 Encomiastici
1078 1217 1196 1329 ,sfflo
1222 1227 1256 1304 se
1292 1225 1459 1304 laudibus
1496 1227 1532 1302 ἀ
1562 1228 1693 1326 elogiis
1723 1228 1862 1304 munais
1896 1250 1966 1302 cu-

563 1347 704 1426 mulent
727 1349 764 1422 δι
795 1348 977 1434 obruant,
1011 1342 1171 1448 aliosque
1201 1344 1468 1444 imperitiores,
1495 1367 1543 1420 ne
1572 1347 1781 1443 ignorantes
1809 1343 1967 1421 videan-

561 1479 645 1550 tur,
669 1465 706 1538 iu
737 1462 888 1542 similem
911 1455 1128 1561 Elogioruin
1153 1463 1371 1540 cantilenam
1399 1460 1629 1562 pertrahant,
1659 1479 1699 1539 ut
1726 1459 1848 1540 Orbis·
1875 1485 1966 1540 eru·

566 1579 661 1660 rurus
684 1579 808 1656 saltem
832 1595 935 1681 putet
968 1603 1032 1660 eos
1057 1581 1381 1682 quoqueinitiatos
1403 1576 1470 1656 elle
1493 1579 1534 1656 in
1557 1579 1631 1656 istis
1659 1579 1961 1680 mysteriis.
2052 1644 2053 1650 t

654 1811 771 1906 Quod
800 1835 886 1894 vero
910 1817 1040 1892 attinet
1060 1813 1106 1894 ad
1136 1785 1341 1914 Pholpffori
1361 1811 1436 1890 mei
1456 1814 1708 1890 inventionem
1728 1871 1740 1902 ,
1765 1830 1876 1916 quam
1895 1816 1964 1898 ad-

565 1928 689 2006 scribit
719 1929 990 2020 sachunu,
1019 1935 1126 2008 nimis
1155 1945 1332 2032 quantum
1366 1929 1537 2007 invidiam
1565 1929 1663 2008 suam
1695 1933 1856 2038 prodit,
1898 1931 1965 2010 sed

569 2043 665 2124 Clar.
699 2045 1038 2127 Haterianus,
1075 2067 1116 2126 ut
1144 2073 1195 2126 ex
1221 2049 1296 2126 hoc
1326 2037 1502 2146 excerpto
1527 2047 1691 2148 patebit,
1723 2073 1845 2127 meam
1873 2049 1965 2128 fecit

475 2233 480 2240 .
569 2159 814 2278 Apologiam,
842 2189 953 2266 quam
989 2167 1122 2244 vellem
1148 2168 1184 2240 in
1216 2164 1341 2268 aliquo
1369 2157 1530 2252 Diario,
1565 2167 1623 2240 vel
1648 2169 1686 2242 iu
1717 2159 1821 2278 Assia
1839 2166 1966 2267 publi·
2053 2213 2054 2274 t

566 2281 662 2367 tari,
698 2295 739 2357 ut
768 2282 1002 2362 obtretlatori
1035 2308 1077 2360 os
1104 2283 1306 2360 obturetur.
1370 2281 1475 2378 Quid
1512 2285 1611 2359 enim
1637 2283 1734 2360 aliud
1768 2283 1818 2362 est
1850 2306 1965 2386 quarn

568 2395 816 2488 obtrettarto,
850 2400 1060 2478 hominibus
1092 2403 1285 2500 ingerere,
1318 2400 1413 2500 quasr
1439 2397 1547 2478 ellem
1577 2401 1798 2502 plagiarius,
1825 2402 1864 2477 ἃ
1888 2401 1966 2478 ob·

571 2513 811 2592 servationem
831 2512 1094 2596 Picardirnam
1117 2517 1209 2598 mihi
1233 2515 1496 2610 attribuissem,
1517 2515 1702 2616 suppresso
1731 2521 1805 2616 ejus
1841 2515 1968 2602 nonu·

569 2653 639 2724 ne3
673 2656 756 2710 cum
782 2651 1009 2712 tamencum
1045 2634 1499 2738 diserte'nominaverim,
1536 2637 1763 2736 dixerimque
1799 2635 1966 2712 observa-

574 2750 714 2824 tionem
746 2747 1008 2830 Pr'ccrrdianurn
1041 2749 1134 2827 mihi
1163 2753 1394 2832 occasunem
1423 2753 1610 2828 dumtaxat
1640 2747 1880 2851 suppeditasse
1917 2751 1963 2832 ad
2054 2779 2055 2808 l

575 2867 652 2961 ejus
676 2862 911 2944 Phaenomeni
936 2927 947 2958 ,
977 2866 1133 2948 sortuito
1163 2869 1244 2946 sehr
1280 2865 1410 2948 detesli
1437 2927 1448 2958 ,
1484 2869 1624 2946 causam
1650 2870 1966 2968 investigandam,

571 2985 700 3058 omnia
731 2981 938 3063 Rarometra
968 2986 1091 3088 postea
1132 2985 1310 3064 luminosa
1340 2986 1558 3075 reddenda,
1601 2990 1638 3062 ἃ
1672 2987 1819 3064 tandem
1847 2983 1965 3064 Phos-

577 3097 738 3190 phortun
766 3103 972 3200 portatilem
1001 3113 1218 3200 perpetuum
1244 3104 1330 3178 inde
1363 3103 1656 3184 conficiendum:
1693 3104 1770 3180 haec
1804 3119 1958 3191 autem,

579 3215 616 3286 in
650 3218 779 3314 quibus
807 3224 997 3300 inventum
1023 3243 1147 3296 meum
1177 3216 1362 3296 consrstere
1389 3221 1560 3298 lacios..
1703 3218 1847 3298 silentio
1879 3243 1968 3319 prae·

580 3332 686 3406 teriit.
730 3331 878 3413 Interim
903 3335 988 3414 Tibi
1004 3335 1243 3436 judicandum
1268 3336 1458 3440 relinquo,
1483 3361 1638 3416 an-non
1663 3332 1800 3414 &Tua
1824 3361 1885 3413 res
1908 3339 1967 3414 hic

578 3446 759 3536 versetur,
792 3449 880 3526 dum
905 3452 1122 3530 sententiam
1154 3453 1306 3541 Tuam,
1348 3457 1439 3532 mihi
1462 3452 1794 3552 perhonorificum,
1827 3456 1866 3530 in
1899 3479 1966 3532 nu-

580 3569 674 3662 peris
702 3557 957 3674 Mrscelsaneir
985 3563 1266 3671 Berolinenfrbrrr
1290 3571 1336 3649 de
1369 3573 1442 3652 hoc
1467 3571 1681 3670 Phosphoro
1706 3570 1840 3660 latam,
1870 3573 1967 3648 seve·

582 3707 642 3762 rus
664 3685 781 3762 noster
806 3685 1023 3770 Aristarchus
1054 3685 1206 3777 evertit,
1243 3691 1280 3764 &
1306 3692 1355 3765 ita
1376 3690 1463 3768 Tibi
1496 3691 1579 3766 mali
1611 3686 1805 3792 laudatoris
1838 3705 1968 3768 notam

585 3806 691 3882 tacite
713 3807 832 3896 inurit.
883 3801 965 3888 Hoc
983 3827 1100 3881 unum
1120 3804 1236 3884 adhuc
1254 3804 1378 3894 addo,
1407 3805 1633 3907 quodhmile
1648 3831 1724 3883 non
1746 3809 1872 3902 inepte
1895 3809 1968 3884 huc

588 3921 758 4018 quadrat,
787 3943 917 4018 nempe
943 3921 968 3997 fi
993 3921 1122 4000 lnsulae
1145 3923 1366 4000 Americanae
1392 3949 1412 4000 a
1435 3923 1672 4002 Coronen
1703 3919 1899 4020 primitus,
1934 3927 1968 3998 &

588 4037 736 4132 quidem
766 4061 813 4114 ex
838 4039 1035 4118 deliberato
1073 4039 1225 4117 confilio
1254 4037 1428 4132 deteuae,
1464 4053 1688 4118 nontamen
1723 4040 1970 4134 impedierunt

589 4155 785 4248 quominus
815 4157 934 4249 postea
957 4154 1151 4236 Amerinus
1176 4157 1455 4238 Vesauu1us
1496 4156 1618 4234 Terrae
1649 4157 1872 4252 ¹continentis
1909 4159 1969 4233 de-

589 4270 807 4353 tentonem,
832 4269 883 4345 sui
908 4281 1066 4350 nominis
1093 4277 1361 4372 appellatione,
1386 4269 1450 4354 srbi
1472 4274 1668 4353 vindicaret
1692 4300 1703 4368 3
1737 4272 1869 4375 quidni
1897 4297 1969 4351 rna-

460 4459 473 4478 ,
591 4383 660 4494 jori
692 4389 768 4482 jure
792 4384 882 4458 mihi
913 4386 1061 4466 debetur
1089 4389 1292 4487 Phosphori
1329 4396 1545 4472 mercurialis
1584 4397 1807 4479 inventum,
1844 4415 1969 4492 quarn-

592 4531 704 4611 quam
734 4528 779 4582 ex
802 4501 950 4582 tortum
971 4501 1183 4582 Proanur
1210 4509 1458 4595 observatione
1488 4509 1719 4592 deduilum?
1781 4507 1835 4586 Re
1862 4511 1968 4582 enlm

1808 4647 1966 4726 pompa·
