4288 5564
288 285 1144 384 aaramrrirorurauoufflr,
1170 295 1327 372 E'u1sr.
1360 302 1466 376 evil.
1534 323 1575 379 21

192 436 296 534 proin
334 435 589 508 inventionem·
619 453 703 508 cum
737 431 940 510 Academia.
967 428 1140 510 Patimur
1169 438 1441 514 communicavi.
1469 424 1541 537 (1)
1563 474 1696 542 ,1-7002

193 553 388 650 rogavique
427 563 470 625 ut
511 549 609 628 idem
649 549 845 648 probarent
874 549 1037 628 curioh:
1076 551 1136 631 [εά
1163 557 1370 652 nuperrime
1401 550 1575 652 rescripsit
1588 555 1711 628 Octob.

186 665 476 745 -Varrrovou
493 691 591 754 rus,
627 667 827 744 nonnullos
856 669 1102 767 experimenta
1127 694 1205 752 mea
1230 668 1376 748 tentasse
1399 670 1571 772 quidem,
1730 681 1732 686 '

187 781 246 859 [εά
278 797 446 883 optatum
477 783 674 860 saccellum
700 808 775 860 non
805 783 1026 880 obtinuiile3
1057 788 1144 864 hinc
1172 811 1294 866 meam
1322 790 1575 866 inventionem

186 899 622 999 rememoraturum,
651 903 687 978 &
715 901 839 1001 [usque
861 901 976 1002 deque
1001 892 1180 998 habitarat
1210 907 1406 984 tribuentes
1438 905 1573 983 succes-

186 1016 260 1094 lum
310 1041 487 1096 meorum.
522 1015 821 1096 Barometrorunr
857 1023 1012 1120 propriae
1035 1023 1145 1098 alicui·
1177 1024 1339 1121 qualitati
1367 1026 1569 1112 mercurii,

187 1159 252 1234 qua
284 1157 415 1213 omues
443 1139 613 1214 mercurii
639 1159 718 1213 non
745 1137 938 1235 gaudent,
973 1138 1032 1215 sed
1053 1138 1251 1238 paucillimi
1282 1153 1432 1220 tautum.
1491 1138 1572 1239 Ego

187 1275 269 1330 vero
297 1257 454 1330 nrinime
478 1254 669 1331 aleterri'tus
698 1254 767 1332 hac
801 1252 1069 1353 responfione‚
1113 1251 1280 1334 conicias
1311 1263 1444 1357 quippe
1478 1257 1571 1336 duur

185 1370 320 1458 tubos,
360 1373 500 1450 eodem·
534 1374 721 1450 mercurio.
751 1372 949 1471 repletos,
982 1372 1043 1448 sed
1076 1392 1196 1449 unum·
1217 1373 1340 1449 modo·
1360 1374 1566 1464 ordinario,

185 1486 394 1564 &alterum
426 1511 563 1567 norma
591 1511 650 1567 me
678 1492 915 1586 excogitato,
942 1488 1216 1592 diversosadeo
1251 1489 1395 1568 effeetus
1423 1515 1492 1590 pro
1517 1491 1570 1566 di-

184 1601 282 1696 rlille3
306 1609 436 1704 rejicio
467 1607 648 1684 infelicem
681 1605 879 1684 succeffimr
909 1607 1098 1684 sociorum
1126 1597 1377 1711 Parifinorum·
1407 1599 1579 1708 inipso-

182 1743 258 1800 rum
285 1725 466 1800 incuriam
495 1749 572 1824 qua
603 1746 691 1825 qua·
716 1721 1001 1824 praescripseram
1034 1745 1121 1802 non
1151 1737 1254 1802 caute
1290 1725 1368 1803 satis
1409 1724 1602 1802 observa--

183 1838 283 1914 bant.
335 1835 496 1916 Rehrmfi
535 1845 658 1941 itaque
694 1843 840 1929 omnia,
870 1844 911 1918 Sc
936 1841 1067 1918 denuo·
1102 1845 1235 1918 tentavi
1258 1898 1276 1929 ‚.
1308 1844 1346 1918 a
1379 1863 1465 1919 ecce
1491 1866 1581 1918 cum-

181 1955 328 2055 pristino
353 1957 451 2033 felici
480 1957 664 2050 fuiccellu3·
686 1960 726 2034 &a
751 1959 855 2058 quod·
887 1958 969 2057 plus
999 1959 1080 2046 est,
1101 1981 1146 2034 ne
1177 1959 1266 2058 quid
1292 1959 1467 2057 peculiari
1503 1960 1577 2036 mei

179 2076 313 2169 argenti
346 2077 424 2148 vivi
454 2078 667 2175 proprietati
690 2076 800 2152 tribui
831 2074 940 2175 polire
962 2127 981 2163 ‚-
1018 2077 1235 2176 comparavi.
1264 2075 1358 2152 mihi·
1386 2075 1483 2154 aliud
1516 2099 1568 2152 ar-

179 2203 332 2285 gentum
356 2194 482 2266 vivum
503 2249 519 2279 5
553 2217 640 2269 cum
667 2217 751 2294 quo
775 2217 883 2294 aeque·
906 2193 1071 2286 feliciter
1092 2196 1219 2270 omnia
1251 2192 1425 2292 praestiti:
1471 2191 1572 2294 quod
1646 2181 1650 2187 ’

178 2305 317 2384 abunde
342 2307 566 2420 confinnat,
600 2310 645 2386 id*
676 2334 758 2386 raon=
787 2310 1026 2388 debentem
1052 2311 1401 2410 alieuiprop-rietati-
1428 2312 1568 2409 argenti

171 2425 268 2512 .vivi,
303 2449 384 2523 quae
412 2450 489 2502 non
529 2429 632 2504 omni
668 2439 879 2527 competat;
915 2425 981 2504 nih
1018 2430 1097 2530 quis
1123 2427 1184 2503 hic
1218 2427 1304 2504 velit
1322 2427 1453 2505 ,dicere
1477 2451 1563 2516 me,

177 2537 267 2614 forte
313 2536 490 2630 fortuna,
524 2542 688 2620 incidiffe
725 2545 886 2620 induor
919 2543 1107 2624 hrcceilive
1143 2547 1340 2620 mercurios
1377 2544 1484 2634 hanc,
1513 2567 1565 2618 ra

176 2653 342 2732 rilllmam
370 2663 536 2736 virtutem
567 2660 764 2752 habentes3
793 2660 896 2758 quod
925 2683 1016 2732 meov
1037 2659 1174 2754 judicio
1198 2657 1385 2729 moraliter
1406 2656 1566 2754 impolit-

177 2771 244 2846 hile
273 2775 333 2850 est
387 2773 458 2854 Sed
490 2775 658 2854 haetenus
693 2775 784 2852 diuo
816 2795 894 2852 non
936 2773 1017 2850 sunt
1040 2825 1058 2860 ‚-
1095 2775 1133 2846 io
1168 2771 1307 2870 quibus·
1330 2768 1563 2870 Phosphorus

176 2909 274 2966 meus.
307 2890 494 2968 coniistat:
526 2915 633 2982 enm,
672 2892 741 2970 hac
769 2889 1001 2979 occafione⁴3
1035 2903 1118 2967 ante
1148 2911 1287 2988 paucae-
1316 2886 1563 2968 hebdomadae

175 3012 408 3105 excogitavi,
442 3034 517 3110 quo
562 3011 667 3110 spero
703 3033 831 3088 omnes
870 3007 1104 3104 objectiones
1125 3005 1338 3082 submotum
1373 3007 1439 3083 iri:
1477 3029 1562 3084 nam

173 3145 244 3200 non
281 3126 414 3202 dubito
446 3127 533 3226 quin
573 3125 704 3215 facile,
745 3149 816 3225 ope
844 3127 1096 3224 cujuscunque·
1125 3127 1265 3220 argenti
1294 3125 1366 3198 vivi
1395 3179 1414 3213 ,.
1446 3129 1562 3223 parari

170 3241 282 3339 pouit.
344 3243 460 3340 Sumo
506 3245 664 3344 phialam
695 3246 877 3330 vitream,
906 3243 1124 3327 robustam,
1168 3240 1209 3314 ta.
1238 3254 1456 3340 recentem,
1479 3265 1558 3342 quae

169 3361 257 3436 nulli
288 3361 366 3438 usui
408 3359 527 3440 adhuc
569 3362 798 3438 inservierit:
837 3383 920 3435 nam
959 3359 1020 3434 vel
1052 3359 1200 3434 minima
1233 3355 1465 3446 humiditas,
1498 3359 1555 3436 vel
1659 3411 1664 3421 ·

168 3477 332 3555 aleofitas
369 3482 466 3555 intus
498 3479 672 3556 lateribus
709 3477 925 3564 adhaerens,
966 3479 1237 3576 apparitionem
1269 3474 1414 3554 luminis
1450 3474 1554 3552 valde

165 3594 423 3684 imminueret,
451 3595 477 3671 fi
505 3620 582 3673 non
609 3598 766 3674 omnino
790 3591 951 3671 tolleret
996 3593 1095 3692 Huic
1117 3592 1270 3693 phialae,
1291 3591 1318 3668 fi
1337 3615 1455 3693 capax·
1471 3589 1553 3692 fit}

166 3712 327 3790 mensura
357 3713 542 3812 vulgaris,
577 3713 675 3790 lente
702 3711 858 3789 infundo
893 3737 920 3806 4
947 3715 1009 3790 aut
1041 3740 1059 3808 ς
1096 3713 1221 3790 uncias
1255 3713 1425 3808 mercurii
1458 3708 1559 3786 bene

165 3834 309 3928 purgati
328 3883 343 3916 ‚.
366 3831 538 3907 cavendo
559 3855 605 3906 ne
633 3830 756 3928 phiala·
785 3828 948 3906 nrultum·
969 3833 1156 3929 agitetur,
1188 3828 1310 3904 statim·
1335 3828 1433 3904 enim
1458 3847 1552 3904 mer...

166 3951 290 4025 curius·
306 3947 539 4025 contraheret
564 3947 700 4024 distant
720 3948 926 4048 pelliculam
949 3949 1081 4026 lumini
1110 3964 1182 4024 tatu
1203 3945 1377 4020 noxiam:
1402 3943 1550 4046 postea,
1657 3939 1659 3944 ’

165 4086 236 4164 ope
262 4064 410 4144 anthlia
434 4068 694 4166 pneumatica,
729 4065 879 4144 extraho
904 4074 1022 4144 aerem
1047 4089 1093 4142 ex
1118 4059 1445 4164 phialaquantum
1466 4063 1549 4162 pos-

418 4187 421 4194 '
720 4216 725 4225 ¹
881 4181 915 4262 C
977 4206 996 4274 3
1470 4179 1549 4260 sum

220 4373 289 4474 (1)
311 4377 463 4451 Nouuelle
488 4387 623 4450 muniere
659 4381 697 4450 de
730 4377 844 4450 rendre
879 4374 920 4447 Ier
954 4377 1156 4476 Bhrometrer
1171 4376 1335 4446 lumhreux.
1370 4373 1474 4444 Mem.
1504 4371 1544 4442 d'e

159 4473 238 4550 vae.
268 4471 358 4570 Roy.
393 4478 448 4550 des
478 4481 624 4554 Sciencer
651 4493 757 4568 1700.
792 4499 867 4572 pag.
897 4484 977 4567 1-78.
1013 4478 1103 4571 Opp.
1135 4478 1235 4550 Tom.
1255 4475 1285 4544 1³.
1312 4472 1378 4543 Nl„
1402 4469 1547 4543 LXll.

158 4599 229 4672 Pag-
260 4592 345 4666 337·
