4200 5564
181 383 528 466 7777777777
551 383 618 452 rr
642 361 840 464 77777770
857 375 1046 460 uarat,
1071 343 1417 446 7777707777.
1457 381 1542 485 777,

133 547 1522 600 Μ
1685 573 1689 582 .

372 685 932 782 77777077
1019 681 1284 774 carrum.

305 833 781 1000 77777777777)
827 903 1374 991 777707777777

384 1119 705 1292 Responfio
736 1121 805 1245 ad
841 1119 1277 1286 precedentem.
1344 1153 1350 1160 “
1389 1163 1391 1170 ·

135 1399 186 1468 De
218 1388 542 1486 mismalrigr‘lbis.
579 1337 1526 1478 Β71107770,Β77Τ7770,1.7Η77770171

212 1491 493 1568 Periandro.
525 1493 577 1561 De
610 1487 723 1562 cocao
751 1488 965 1584 7787777777
984 1505 1045 1581 per
1073 1488 1379 1579 appnxnnarlanaen.
1420 1483 1471 1551 De

530 1585 993 1698 llrscellarrer's-Berodnorfibm
1011 1583 1150 1660 eilardo.

363 1783 437 1872 Vir
462 1779 736 1870 Celeberrime
763 1782 773 1872 1
804 1787 958 1870 Fautor
986 1771 1347 1872 Honoratilsrme!
1396 1747 1401 1758 ι
1448 1774 1452 1788 “
1491 1791 1495 1798 ’

229 2007 306 2092 077
337 2009 573 2086 mediocriter·
600 1993 836 2088 turbauerunt
870 2032 929 2086 me
969 1999 1095 2088 litterae
1138 1997 1457 2093 lemannum,
1491 1999 1530 2080 ἀ
1551 2029 1654 2104 7707.
1749 2077 1750 2082 a

246 2151 339 2205 mox
372 2125 495 2213 Toae,
529 2146 620 2230 quae·
638 2127 844 2208 valetudine
867 2126 923 2206 Te
953 2149 1083 2228 parum
1110 2123 1210 2204 firma
1239 2129 1294 2204 uti
1316 2118 1527 2226 fignificant
1547 2112 1705 2188 1⁸0erss
1792 2165 1795 2172 ·

138 2239 264 2346 Itaque
296 2243 400 2322 valde
427 2241 558 2322 suadeo
589 2257 631 2322 ut
660 2267 740 2324 eam
762 2270 865 2326 cures
890 2209 1111 2344 diligenter,
1144 2245 1181 2320 &
1203 2243 1388 2324 laboribus
1413 2241 1527 2320 animi

139 2365 300 2440 maxime
324 2363 518 2450 abstineas,
558 2363 654 2440 inter
682 2386 777 2464 quos
803 2363 942 2444 Calculi
970 2385 1059 2439 non·
1072 2361 1156 2438 sunt
1188 2362 1367 2462 postremi.
1416 2357 1527 2442 Potes

142 2477 291 2577 ingenio
323 2475 523 2581 prodelle,
563 2477 626 2556 7711
660 2501 738 2557 non
776 2479 890 2584 prolis
923 2479 1057 2558 labore
1114 2477 1247 2578 Neque
1272 2481 1417 2578 grauius
1449 2475 1527 2552 haec

142 2592 252 2678 studia
286 2597 461 2676 damnum
483 2579 612 2674 {entire
646 2595 812 2700 pollent,
839 2621 995 2700 querna
1018 2597 1149 2698 77117777
1172 2593 1279 2682 Tua,
1307 2617 1387 2694 quae
1409 2589 1528 2668 adhuc
1679 2613 1693 2628 ·

144 2705 302 2792 Fratrem
332 2713 454 2794 Tuum
482 2713 682 2816 deplorant
728 2714 883 2794 Gaudeo
906 2717 1051 2792 interim
1078 2715 1221 2792 alterius
1247 2708 1378 2790 Fratris
1393 2707 1528 2786 Filium

144 2831 285 2932 vestigia
321 2833 431 2910 vestra
454 2856 630 2934 premere.
677 2831 788 2914 Hunc
824 2835 961 2938 poteris
982 2837 1157 2919 excitare,
1188 2843 1229 2906 ut
1252 2833 1354 2928 Juvat
1375 2825 1528 2906 medita·

142 2945 256 3028 tiones
270 2949 391 3038 Tuas,
418 2950 744 3054 hereditariamque
771 2953 876 3032 vobis
904 2953 1050 3029 laudem
1073 2954 1110 3027 in
1136 2947 1300 3052 posteros
1325 2947 1450 3024 servet.

207 3065 337 3145 Nolim
360 3092 420 3144 me
442 3065 610 3146 Tuotum
636 3071 868 3148 inventorum
891 3069 1164 3170 negligentem,
1184 3080 1245 3144 aut
1268 3089 1420 3168 parcum
1441 3059 1528 3142 77111-

143 3197 316 3262 malorem
347 3200 476 3286 putes,
509 3181 571 3261 etii
597 3185 843 3286 prejudicio,
887 3187 1011 3266 nescio
1046 3210 1153 3288 quo,
1178 3183 1325 3261 festinus
1350 3185 1445 3261 circa
1474 3202 1539 3257 re..

141 3317 285 3394 pentem
315 3321 462 3380 rnatum
491 3299 547 3380 Te
571 3301 711 3402 lapsum
741 3307 917 3406 putarint:
950 3303 1170 3404 Quanquam
1191 3298 1253 3405 'l'u
1271 3323 1420 3404 quoque
1441 3298 1528 3397 [pao

144 3427 211 3493 tere
246 3433 288 3498 ut
313 3421 408 3498 hanc
432 3425 550 3496 vicem
581 3418 761 3516 reddam]
791 3445 908 3502 7777777
935 3421 1174 3500 Problematis
1205 3415 1280 3496 Tui
1298 3417 1529 3497 Solutionem

144 3529 245 3613 initio
282 3539 525 3637 negligentius
553 3539 774 3628 7771777717,
802 3563 881 3640 quae
910 3563 966 3617 res
992 3540 1128 3618 fecerat
1148 3537 1187 3618 u't
1216 3537 1337 3614 nescio
1362 3555 1449 3634 quas
1464 3527 1529 3606 Ti-

142 3643 176 3724 bi
195 3653 452 3762 perplexitates
476 3651 655 3756 fingeres,
683 3656 748 3734 ubi
773 3657 882 3736 nullae
909 3671 1019 3736 777777.

228 3859 397 3960 Scimus,
424 3861 475 3960 ὁ·
498 3865 592 3949 dane
575 3874 770 3958 veniam
790 3863 1020 3984 petimusque
1046 3865 1244 3981 damusque
1270 3853 1437 3974 victffim·

192 4083 374 4164 Caeterum
399 4085 461 4164 etlr
489 4110 559 4188 pro
572 4093 807 4191 poenitentia
831 4093 1058 4188 injunxeris,
1081 4055 1122 4168 177
1146 4089 1246 4171 Tuas
1277 4081 1426 4168 Gibbo-
1436 4107 1527 4164 eom·

138 4189 265 4306 prtffm
291 4201 370 4302 [lic
397 4206 496 4280 enim
522 4209 633 4286 credo
660 4223 742 4310 apte
773 4209 1036 4402 vocabimur]s
1059 4191 1229 4289 attentitrs
1259 4205 1527 4310 legerem31e·
1633 4261 1634 4266 7

143 4315 221 4410 gille
240 4335 318 4397 non
360 4323 537 4421 paenituit.
580 4319 826 4402 Pulcherrima
848 4325 950 4402 enlm
979 4325 1049 4404 7117
1064 4329 1245 4440 profedo
1273 4323 1353 4407 Tua
1377 4321 1529 4402 medita·

144 4431 191 4508 tio
218 4437 261 4514 de
296 4433 449 4517 Circulis·
487 4439 674 4539 duobus,
720 4465 797 4522 uno
823 4445 962 4550 extimo
991 4426 1104 4525 717770
1135 4450 1298 4533 intimo,
1330 4448 1425 4524 circa
1448 4465 1530 4520 cur-

143 4565 215 4630 tam
235 4553 281 4634 ad
310 4555 451 4636 easdem
471 4566 596 4663 partes
625 4581 772 4650 cavam,
805 4553 973 4667 adeoque
1007 4587 1085 4643 uno
1108 4566 1245 4666 majo're
1269 4565 1383 4650 altero
1408 4569 1536 4644 mino·

948 4679 981 4756 Y
1029 4705 1051 4766 2
1476 4704 1527 4758 re.
