4288 5564
457 283 462 303 “
567 321 623 392 ,22
715 278 1831 395 ,comannorum'trrsrouroum

398 478 502 551 1700.
566 448 650 529 ²sum
668 449 955 548 accuratissime3
983 471 1061 553 quo
1083 447 1206 536 sado,
1235 446 1362 548 phialae
1393 445 1573 526 orificium
1598 449 1843 534 claudendum
1879 451 1959 541 est,

393 551 516 645 Odiob·
565 593 648 670 ,ope
671 571 853 672 epistomii
876 572 922 649 ad
948 556 990 648 id
1007 569 1183 669 adaptari,
1213 567 1272 650 vel
1295 568 1367 646 alio
1388 566 1504 644 modo
1543 567 1785 652 obturandum
1814 569 1967 648 exedis-

564 684 681 775 ffime,
716 711 781 777 ne,
816 690 897 789 pust
922 687 1223 776 exhaustionem,
1250 688 1337 769 airis
1364 683 1423 762 vel
1451 685 1645 766 mitimum
1659 687 1809 788 ingredi
1831 685 1957 789 potiit.

565 803 714 885 <Omnia
742 804 888 888 sibene
921 805 991 884 lint
1022 805 1205 889 obseruata
1231 805 1268 880 &
1298 803 1475 906 poradta,
1513 826 1689 883 removeo
1721 803 1878 906 phialam
1911 805 1961 884 ab

574 919 741 1017 Anthlia3
771 948 884 1027 eaque
908 925 999 1005 milti
1021 924 1162 1026 praebet
1187 921 1675 1030 Phosphorumqportatilem
1704 936 1960 1024 perpetuum:

566 1063 660 1118 „nam
688 1044 727 1118 in
750 1040 955 1123 densissimis
975 1042 1161 1130 tenebris,
1188 1036 1216 1114 si
1245 1038 1365 1142 phiala
1396 1037 1499 1126 valde
1518 1039 1660 1120 sursum
1675 1040 1851 1122 deorsum
1883 1041 1963 1139 agi-

573 1170 693 1251 tetur,
722 1173 799 1238 tota
824 1161 945 1262 phiala
975 1155 1252 1260 splendidissima
1275 1159 1361 1234 luce
1375 1157 1501 1236 subito
1525 1157 1775 1258 ‚adimpletum
1802 1181 1870 1236 nec
1896 1158 1962 1238 illa

562 1273 702 1366 ¹cessat,
727 1275 793 1360 nist
821 1273 974 1360 cessante
995 1278 1201 1376 agitatione.
1243 1272 1396 1358 Diceret
1414 1272 1469 1352 Te
1486 1273 1607 1354 ‚ridere
1629 1297 1763 1376 aquam
1789 1277 1957 1374 ignitam.

567 1404 690 1476 ¹totam
724 1392 870 1492 phiala
889 1397 1126 1494 capacitatem
1165 1393 1481 1496 perfundentem:
1520 1381 1803 1480 Iumentum,
1826 1389 1859 1468 n
1889 1395 1962 1470 rite

565 1525 789 1616 ¹..praeparetur
804 1509 930 1610 ¹phiala
948 1567 960 1600 ,
988 1535 1071 1596 ,non
1100 1513 1222 1598 minus
1246 1511 1410 1591 viridum
1423 1510 1477 1594 est
1489 1533 1607 1610 squam
1625 1507 1829 1610 Phosphori
1845 1501 1962 1596 ,Kum
1975 1499 2007 1532 ¹

573 1615 731 1712 cheliani
742 1650 759 1724 ,·
787 1628 878 1716 seu,
916 1641 958 1704 ut
985 1628 1049 1715 alii
1072 1629 1201 1712 volunt
1225 1687 1237 1720 ,
1272 1627 1431 1732 Anglici.
1485 1626 1687 1724 Praeterea,
1711 1652 1820 1716 non,
1844 1641 1892 1706 :ut
1917 1631 1963 1706 in

567 1740 807 1833 Barometro,
841 1745 1041 1828 alternatim
1062 1761 1239 1846 apparet,
1264 1745 1302 1831 dt
1328 1746 1503 1847 disparet3
1528 1743 1589 1824 sed
1615 1746 1788 1844 quamdiu
1801 1745 1963 1830 udatur

572 1862 771 1942 mercutius
795 1867 985 1961 agitatur,
1020 1863 1182 1952 naemu,
1207 1861 1286 1942 stne
1311 1863 1391 1948 ulla
1425 1867 1690 1962 interruptione
1704 1919 1723 1952 „
1755 1861 1957 1964 splendet.

564 1977 612 2056 ‚&
640 1991 742 2056 tanto
774 1981 924 2062 vividius
955 1980 1127 2082 quidem,
1162 1995 1300 2090 quanto
1322 1980 1575 2066 vehementius
1602 1981 1811 2081 percutitur.

630 2091 742 2175 Hunc
766 2096 932 2176 euenum
955 2121 1002 2183 ex
1017 2099 1116 2182 ,meis
1140 2100 1329 2200 principiis
1355 2097 1612 2198 praeuideram:
1631 2098 1845 2197 cogitabam
1859 2095 1962 2172 enim

564 2209 779 2309 ‚pelliculam
799 2215 920 2304 illam,
943 2213 970 2292 fi
995 2237 1066 2316 qua
1090 2231 1284 2314 generetur
1305 2205 1327 2320 (
1345 2237 1426 2316 quac
1456 2228 1533 2300 tam
1558 2213 1759 2300 ,difficulter
1789 2219 1828 2290 in
1850 2211 1962 2292 Baro·

536 2330 692 2410 *menis
721 2335 912 2433 ptaecaveri
934 2331 1073 2435 potest,
1099 2355 1251 2436 quaque
1281 2331 1374 2409 adeo
1402 2336 1596 2418 materiam
1621 2331 1880 2420 lumiuihcam,
1900 2326 1962 2406 vel

562 2447 727 2527 omnino
757 2449 929 2540 suffocat,
964 2451 1021 2536 uel
1048 2451 1152 2532 valde
1184 2452 1376 2537 debilitat,
1403 2451 1488 2528 ideo
1517 2451 1620 2548 quod
1652 2450 1712 2528 illa
1736 2439 1961 2528 mercurium

562 2559 848 2650 descendentem
870 2571 1049 2646 tenaciter
1072 2574 1297 2657 comitetur,
1323 2590 1400 2643 nec
1435 2566 1487 2644 ob
1507 2568 1728 2667 ,aequabilem
1751 2569 1788 2644 ἃ
1819 2563 1961 2643 unisor-

564 2701 671 2764 mem
697 2699 849 2770 motum
875 2685 986 2766 ‘facile
1004 2684 1158 2764 lacerati
1177 2675 1332 2788 polilt)
1366 2681 1434 2766 ,hic
1465 2707 1486 2759 e
1517 2687 1708 2768 ,contrario
1743 2687 1782 2760 ln
1811 2681 1956 2781 phiala,

573 2821 658 2875 cum
680 2802 884 2882 ,mercurius
918 2799 1151 2880 vehementer
1183 2805 1222 2872 in
1254 2821 1394 2874 omnes
1426 2816 1714 2904 paetes‚1motu
1743 2801 1959 2878 inordinato

563 2929 784 3005 moveatur,
800 2937 883 3000 ¹nou
908 2913 1009 3014 posse
1032 2937 1108 2991 non
1127 2914 1299 3016 ⁸plurimis
1320 2916 1357 2996 in
1381 2915 1471 2991 locis
1496 2916 1667 3005 lacerari,
1699 2920 1736 2994 ἃ
1758 2919 1806 2993 ita
1820 2917 1960 2992 exitum

413 3099 418 3110 ‚
562 3032 939 3122 ‚concederemateriae
951 3030 1258 3122 istaetenuiffime,
1272 3033 1376 3128 ,errius
1393 3046 1497 3115 motu
1514 3031 1639 3114 lumen
1656 3039 1846 3122 excitatur,
1863 3057 1959 3133 quae-

562 3173 643 3250 .que
668 3174 716 3227 ex
738 3154 840 3252 poris
868 3148 1112 3251 angustissimis
1140 3153 1279 3249 argenti
1303 3152 1376 3226 vivi
1398 3151 1587 3250 prodibit,
1620 3150 1710 3230 dum
1732 3153 1801 3230 alia
1828 3151 1874 3231 de
1889 3173 1959 3226 no-
2045 3239 2048 3241 ,

562 3289 618 3344 tro
645 3267 838 3348 succedens
865 3293 977 3368 poros
1004 3269 1048 3345 ab
1079 3267 1246 3369 opposita
1264 3279 1367 3366 ‚parte
1397 3265 1510 3360 subit,
1535 3271 1701 3371 adeoque
1723 3268 1869 3369 semper
1889 3289 1958 3346 no·

565 3407 615 3466 ra
638 3387 790 3472 materia
822 3383 1022 3472 lumioifica
1052 3387 1179 3486 prasio
1207 3387 1266 3470 est.
1330 3381 1538 3476 Quomodo
1568 3401 1692 3465 autem
1722 3390 1846 3490 omnia
1872 3407 1958 3486 pro-

565 3501 724 3592 cedant,
754 3526 818 3582 cur
845 3526 1000 3582 vacuum
1019 3504 1254 3604 requiratur,
1276 3525 1348 3588 -eur
1376 3505 1466 3588 item
1488 3507 1692 3582 mercurius
1717 3503 1763 3582 ad
1790 3503 1865 3582 hoc
1893 3525 1957 3599 ap·

565 3619 720 3710 tussit,
744 3645 823 3698 non
848 3622 908 3699 alii
939 3623 1122 3724 liquores,
1144 3621 1196 3706 ,de
1227 3622 1269 3697 iis
1294 3620 1419 3720 ,ample
1456 3623 1614 3718 cogitata
1639 3647 1721 3701 mea
1751 3621 1957 3704 Academia

563 3741 763 3837 aperiam,
802 3739 862 3819 sed
899 3737 998 3823 hanc
1030 3761 1164 3826 novam
1195 3737 1427 3820 -effedtionern
1455 3735 1665 3838 ‚Phosphori
1705 3736 1883 3840 portatilis
1918 3737 1956 3814 tt

562 3849 738 3952 'perpetui
775 3855 941 3951 nondum
951 3859 1235 3942 communicavi.
1278 3853 1369 3942 Feci
1388 3859 1678 3956 experimentum
1706 3879 1829 3935 coram
1857 3852 1955 3931 Viris

571 3969 719 4046 curiosis
745 3975 924 4076 aliquibus·
942 3973 1054 4074 hujus
1077 3972 1174 4052 urbis
1200 3970 1362 4082 (habeo
1387 3976 1487 4051 enim
1517 3975 1712 4069 reparato
1739 3973 1829 4048 tales
1852 3971 1957 4070 phia-

569 4084 621 4162 las
654 4085 793 4166 diverso
823 4095 1004 4170 mercurio
1018 4092 1203 4179 donatas..
1231 4093 1268 4167 &
1288 4093 1354 4166 rite
1376 4099 1456 4168 a'ere
1490 4089 1695 4177 exhaustas,
1726 4112 1805 4190 quae
1835 4109 1954 4188 aequa·

570 4202 645 4278 lem
681 4204 848 4284 effessum
882 4203 1105 4312 praestant):
1131 4207 1282 4287 'confesse
1314 4207 1396 4283 sunt
1432 4228 1561 4283 omnes
1597 4205 1632 4282 se
1660 4207 1754 4282 nihil
1789 4227 1953 4306 unquam

565 4320 744 4412 ..esurimus
765 4321 896 4412 uidisse..
947 4323 1046 4413 ,Eece
1078 4343 1200 4414 tutum
1221 4326 1333 4430 ,huius
1366 4320 1574 4432 Phosphori
1607 4323 1819 4426 mysterium
1850 4321 1953 4417 quod

1809 4437 1951 4524 Tecum
