4244 5554
570 313 640 399 396
656 305 805 379 COMlls.
831 303 963 374 EPIST.
990 301 1137 378 LEIBN.
1153 301 1505 390 ETBERNOULLH.
1527 299 1644 372 Errsr.
1673 297 1956 373 CCXXXVIII.

432 510 527 593 ¹715
566 453 632 558 ipss
652 449 813 534 haeseritr
845 453 924 552 quis
948 451 1045 526 enim
1060 445 1124 526 srbi
1146 447 1404 548 imaginabitur
1426 441 1595 550 Anglum
1615 447 1720 525 illurn
1750 449 1796 526 ad
1827 471 1983 550 provo-
2029 419 2036 428 '

434 557 536 686 Nm,
567 577 746 652 catiouem
764 567 882 646 Tuam
900 590 976 644 non
1004 567 1118 642 statim
1140 563 1333 665 explorasse
1353 571 1443 656 vires
1470 563 1545 641 suas
1566 565 1604 642 in
1636 563 1809 644 solvendo
1825 560 1909 644 'isto
1933 562 1985 644 E-

565 687 716 792 xemplo
744 683 974 786 particulari?
1006 681 1099 778 Quis
1123 685 1209 760 item
1235 685 1377 783 putabit
1403 683 1532 770 illum,
1565 681 1591 760 sr
1612 682 1763 759 feliciter
1785 681 1978 774 solvisset,

568 831 645 884 non
666 803 829 904 protinus
846 800 884 876 in
908 799 1027 880 lucem
1045 797 1203 878 laetanter
1224 801 1475 898 protrusurum
1496 797 1596 876 fuisse
1612 799 1830 880 solutionem
1850 801 1981 878 suruml

568 923 699 1010 Scribit
717 919 771 999 Cl.
797 918 1043 995 Worrrus
1062 910 1201 1022 Anglas
1222 917 1267 994 de
1289 917 1364 996 hoc
1383 919 1506 996 nostro
1525 914 1784 999 problemate,
1814 943 1885 998 ceu
1917 921 1979 994 vi-

569 1041 714 1125 deatur,
747 1033 1043 1132 abjedesentiro;
1074 1033 1134 1112 sed
1153 1031 1244 1109 nihil
1264 1039 1351 1112 novi
1381 1037 1431 1114 esl
1467 1037 1507 1111 in
1530 1033 1770 1135 quibusdum,
1799 1049 1843 1113 ut
1876 1059 1976 1114 con-

569 1167 732 1235 temnant
758 1133 1053 1254 quod'attingere
1069 1165 1273 1253 nequeunt3
1305 1151 1533 1255 vulpeculam
1552 1153 1723 1230 nimirum
1759 1155 1798 1228 in
1831 1150 1973 1232 Fabula

567 1273 753 1352 imitantes.
815 1269 943 1348 Putem
964 1267 1075 1368 igitur
1099 1269 1282 1368 urgendos
1300 1267 1366 1348 else
1388 1265 1545 1376 Argius,
1584 1285 1690 1370 atque
1714 1269 1879 1370 inprimis
1912 1273 1974 1344 in-

567 1389 758 1468 sistendum
780 1383 970 1486 proposito
1001 1385 1170 1486 exemplo
1191 1387 1404 1487 particulari
1466 1385 1637 1488 Optarim
1658 1389 1765 1466 etiarn
1794 1373 1836 1464 ut
1866 1388 1971 1465 idem

567 1521 681 1586 tentet
699 1505 883 1584 Dominus
901 1501 1218 1580 Hrrrnruubs
1239 1527 1301 1604 per
1333 1504 1430 1583 suam
1451 1503 1674 1584 Methodum
1708 1505 1968 1591 universalem,

567 1639 762 1725 antequam
786 1647 825 1698 ea
846 1617 1062 1721 publicetur.
1091 1617 1241 1698 Videbit
1271 1619 1379 1699 latere
1407 1621 1564 1723 aliquem
1579 1622 1734 1700 modurn
1753 1619 1968 1700 istricatiffi·

571 1767 693 1828 mun,
715 1740 777 1840 qui
799 1738 842 1814 irs
857 1737 1132 1838 quamplurimis
1157 1739 1273 1817 curvis
1295 1737 1622 1818 transcendentibus
1650 1738 1867 1817 methodum
1897 1763 1967 1838 ge-

569 1859 725 1938 neralem
744 1855 828 1933 facit
851 1853 1148 1954 mapplcabilem.
1180 1851 1265 1936 Hoc
1285 1853 1504 1936 hauddubie
1522 1860 1605 1962 jam
1624 1854 1803 1958 senserunt
1818 1849 1963 1961 Angli:

569 1977 650 2054 alias
668 1979 740 2074 jam
765 1969 937 2051 dedissent
954 1968 1330 2072 quaefitisolutionem.

632 2084 1016 2177 Thaumastum,
1049 2085 1155 2189 Opus
1180 2087 1259 2166 sane
1277 2089 1592 2192 elegantissimum,
1625 2091 1791 2170 nondum
1825 2091 1965 2170 vacarit

568 2210 752 2314 perlegere
769 2221 893 2286 totam.
926 2205 1015 2306 Legi
1038 2229 1170 2306 nugrm
1187 2229 1273 2286 cuna
1289 2207 1474 2310 voluptate
1487 2207 1778 2290 Dissertationun
1794 2218 1850 2284 De
1864 2201 1962 2286 Cen-

555 2325 748 2438 formitate
755 2321 851 2428 fidei
881 2349 961 2400 cum
977 2325 1133 2400 rarione:
1155 2323 1610 2432 deprehendosolidislime
1633 2326 1816 2428 scriptam,
1856 2325 1964 2404 mihi-

568 2449 694 2553 quein
716 2441 914 2546 plerisque,
947 2465 1016 2524 nec
1039 2439 1115 2520 satis
1136 2445 1286 2518 memini
1307 2467 1353 2522 an
1370 2448 1493 2521 nonin
1514 2448 1709 2532 omnibus,
1740 2442 1891 2521 mirifice
1909 2467 1962 2520 ar·

521 2590 523 2600 ·
566 2564 771 2656 ridentem3
814 2559 975 2660 inprimis
996 2559 1276 2667 vero'placuere
1295 2583 1374 2664 quae
1399 2576 1524 2640 contra
1546 2561 1777 2646 Butrium
1799 2559 1962 2640 Rationis

568 2683 759 2764 inimicum
776 2675 940 2778 disputas.
974 2677 1145 2757 Cranrr
1163 2665 1291 2763 run,
1316 2691 1356 2756 ut
1380 2678 1542 2768 videtur,
1564 2679 1619 2760 'ad
1639 2680 1762 2756 incitas
1782 2674 1957 2778 redegisti,
2084 2665 2085 2721 s

568 2797 715 2909 quando
734 2795 874 2876 coadus
899 2795 948 2876 est
970 2794 1088 2874 dicere
1118 2793 1193 2878 Dei
1210 2794 1434 2874 voluntatens
1462 2795 1560 2877 nulla
1587 2793 1724 2876 ratione
1740 2793 1807 2873 esse
1824 2800 1956 2874 nixam:

567 2915 642 3000 hoc
675 2915 772 3024 enirn
790 2912 903 3023 patio
924 2935 970 2995 ex
986 2909 1073 2997 Deo
1098 2909 1199 2992 fieret
1231 2908 1303 2994 Ens
1333 2913 1504 3004 brutum,
1538 2916 1575 2992 ἃ
1601 2913 1827 3002 irrationale,
1859 2909 1958 3014 quod

567 3047 689 3130 ageret
710 3045 850 3112 tantum
868 3053 965 3110 caeco
988 3029 1147 3132 quodam
1162 3031 1321 3133 impetu,
1353 3029 1418 3110 nisi
1432 3033 1587 3112 omnino
1600 3053 1687 3112 cum
1707 3027 1959 3110 Drnocurro

569 3147 607 3226 dt
630 3147 772 3232 Errcu
786 3173 809 3224 r
822 3169 848 3222 ο
875 3145 1133 3228 recurrendum
1145 3141 1282 3224 essetad
1301 3147 1492 3228 fortuitum
1506 3164 1712 3230 atomorum
1734 3147 1958 3226 concursum.

625 3263 811 3344 Dominus
830 3262 1185 3344 Vnurcuonrus
1206 3279 1289 3344 ante
1317 3264 1457 3368 aliquot
1483 3264 1643 3354 menses,
1690 3279 1732 3344 ut
1769 3265 1959 3366 quotannis

565 3382 681 3462 facere
698 3379 811 3467 solet„
842 3384 881 3458 in
906 3381 1059 3462 Patriam
1078 3384 1262 3486 exurrrit3
1290 3381 1349 3460 sed
1364 3385 1435 3482 jain
1451 3387 1523 3481 ianr
1545 3397 1688 3483 tempus
1705 3383 1755 3461 esl
1772 3399 1815 3461 ut
1850 3375 1958 3459 Lute-

412 3517 418 3531 ·
564 3504 656 3582 tiam
673 3511 816 3602 repetat.
857 3493 1139 3582 Parrurrus
1157 3497 1221 3602 qui
1244 3503 1385 3586 nautica
1410 3525 1489 3578 mea
1519 3499 1751 3600 suggillavit,
1781 3499 1955 3602 aliaque,

565 3641 684 3719 neque
711 3615 815 3705 Tibi,
841 3638 959 3715 neque
978 3615 1053 3692 aliis
1075 3613 1174 3692 Viris
1197 3619 1336 3718 magnis
1359 3619 1497 3719 parcit:
1528 3617 1619 3708 mibi
1656 3616 1808 3698 habetur
1841 3621 1881 3693 in
1900 3639 1959 3693 eo-

565 3758 648 3812 rum
666 3757 818 3816 numero
840 3733 903 3833 qui
921 3729 1151 3832 responsione
1167 3757 1246 3814 non
1266 3732 1350 3811 sunt
1369 3735 1480 3834 digni
1505 3734 1618 3838 Spero
1628 3731 1813 3834 Agnatum
1837 3757 1958 3813 meum
2083 3749 2084 3834 3

565 3849 633 3933 hac
654 3849 937 3932 hebdomadaad
958 3843 1149 3942 Veneriae,
1182 3849 1426 3958 appulsorum.
1456 3851 1636 3936 Caeterum
1657 3850 1735 3932 vale
1750 3852 1789 3928 dr
1808 3849 1901 3931 sare.

677 3966 918 4076 turpitudini
958 3965 1051 4052 Tt'tar
1885 4043 1887 4046 ,

1600 4083 1843 4168 Devotislimo

1511 4203 1542 4308 J.
1574 4203 1905 4288 Bruuourrr.

561 4275 724 4414 assur.
741 4313 774 4392 d.
791 4333 848 4390 ιι.
873 4313 1077 4394 Novembris
1103 4327 1214 4409 1716,
1848 4421 1885 4502 T
1912 4415 1958 4503 A.

1053 4514 1108 4643 ,'
1180 4529 1433 4621 rrurs
