4288 5564
177 359 1231 456 curantr-‘rarraranourrrrarasa.
1261 371 1420 450 cxru.
1482 386 1526 464 aa

106 525 166 596 lta
196 533 363 618 porro,
400 515 450 593 ita
499 527 541 590 ut
577 527 714 612 reperta
752 515 834 612 lege
865 515 1009 613 periodi
1034 525 1110 593 tani
1139 516 1245 594 facile
1274 516 1315 595 iit
1356 517 1533 598 Tabulam
1554 549 1657 622 170r.

110 651 372 716 numerorum
410 629 579 708 altissimae
607 635 813 730 potentiae,
852 631 908 708 vel
936 632 1082 712 summae
1107 631 1277 713 altilsrnrae
1303 638 1346 714 ab
1371 638 1534 718 altilsrma
1549 633 1651 726 April.

116 755 303 856 pmentia
336 747 522 844 condere,
554 763 664 850 quam
689 749 867 827 Tabulam
893 773 1132 829 numerorum
1166 755 1395 833 naturalium.
1454 755 1533 834 Un-

116 871 166 946 de
193 869 335 955 ridet,
363 868 498 968 quanta
535 864 814 964 consequantun
856 865 948 946 Sunt
975 869 1117 970 periodi
1141 871 1227 948 talea
1254 873 1362 950 etiam
1389 877 1427 950 in
1454 875 1545 952 aliis·
1580 963 1584 976 ,

117 985 467 1090 progrelllonibur‚
501 981 631 1060 sedin
662 983 831 1064 decadica
864 987 913 1062 ob
942 978 1212 1066 multitudinem
1248 1005 1417 1070 notarum
1450 992 1532 1072 sunt
1584 977 1586 982 ⁸

125 1103 400 1196 intractabilem
435 1103 475 1177 in
507 1099 692 1180 tetrastica
728 1101 840 1180 essent
868 1103 1018 1204 quidem
1045 1105 1318 1200 trailabiliores,
1347 1109 1405 1186 sed
1438 1134 1529 1210 prae·

128 1243 300 1326 terquam
332 1218 438 1322 quod
464 1216 599 1297 Auilor
628 1213 839 1320 Tetratlyos
866 1219 913 1297 de
942 1221 999 1298 his
1028 1243 1105 1300 nou
1134 1225 1329 1322 cogitavit,
1360 1219 1429 1304 ne‘c
1455 1227 1532 1306 huc

135 1340 317 1425 tetendit,
352 1335 688 1436 incomparabiliter
725 1351 823 1416 certe
855 1335 996 1417 facilior
1031 1339 1080 1416 est
1114 1339 1287 1420 Calculus
1318 1343 1530 1440 dyadicua.

139 1463 196 1560 qui
219 1459 260 1534 ἀ
298 1453 392 1534 alios
422 1455 537 1532 miror
570 1454 673 1532 dabit
705 1455 789 1534 uiua
823 1477 892 1556 pro
921 1454 1254 1564 transcendentibus
1291 1456 1531 1549 delinitis‚sr

137 1577 353 1678 quantitates
397 1572 608 1670 hujusmodi
644 1573 804 1676 dyndicae
844 1575 1109 1674 exprimantur.
1166 1570 1323 1652 Molitus
1353 1574 1427 1652 hoc
1453 1575 1534 1654 suna

135 1709 212 1772 aute
243 1693 390 1770 multoe
422 1713 560 1778 annor,
587 1693 696 1768 etiam
723 1701 919 1792 autequam
948 1693 1146 1792 quicquam
1175 1693 1358 1770 constaret
1386 1691 1432 1770 de
1461 1691 1532 1770 Te-

133 1813 240 1916 trasty
271 1810 336 1888 illa
368 1833 487 1910 nuper
520 1802 766 1902 reisuscltata3
803 1806 865 1884 [εά
890 1805 1030 1908 semper
1062 1813 1182 1888 otium
1218 1810 1352 1910 speravi
1378 1833 1452 1910 pro
1477 1811 1548 1896 di,

136 1933 273 2029 gnitate
308 1925 486 2005 trattandi
515 1950 523 1999 :
552 1949 652 2004 nunc
678 1927 882 2002 veritusne
904 1922 986 2002 haec
1013 1929 1217 2024 cogitatio,
1243 1940 1285 2004 ut
1309 1929 1528 2028 maritaalia,

137 2045 353 2136 intercidat,
395 2041 462 2120 nili
488 2063 567 2120 earn
606 2033 702 2120 Pari
714 2065 764 2118 aas
806 2040 852 2116 ad
895 2037 1106 2120 Dominum
1131 2041 1373 2121 secretarium
1406 2042 1529 2144 Regia

139 2164 387 2250 Academica,
418 2160 502 2263 quia
530 2155 594 2238 ille
625 2159 717 2237 milri
750 2157 948 2260 aliquando
974 2157 1177 2260 scripserat,
1201 2158 1228 2236 fi
1250 2183 1320 2263 qua
1346 2185 1530 2262 propone·

139 2307 175 2360 re
199 2283 372 2370 vellem,
410 2302 492 2380 quae
521 2276 623 2358 utilia
655 2278 903 2365 viderentur,
937 2281 1180 2377 cogitatuum
1215 2277 1449 2359 Academiam
1484 2280 1533 2358 de

140 2399 289 2498 juranda
310 2399 545 2477 executione.
600 2393 828 2475 Serenilsamo
864 2390 964 2474 Duci
988 2391 1267 2477 Rou'onauo
1296 2397 1534 2478 Auouaro·

140 2532 219 2594 ante
253 2517 397 2617 aliquot
431 2535 547 2594 anaor
575 2535 663 2594 cum
690 2511 966 2601 monstrarent,
1009 2513 1104 2592 adeo
1138 2511 1322 2614 placuerat
1350 2515 1451 2601 hac,
1490 2531 1532 2592 ut

138 2633 211 2735 ipli
238 2633 423 2712 ridebatur
448 2631 573 2732 imago
608 2632 830 2716 creationis.
865 2626 926 2706 seu
954 2633 1109 2726 originis
1142 2632 1310 2704 omnium
1336 2651 1460 2704 rerum
1485 2653 1532 2705 err

138 2749 260 2829 nllrrlo
286 2769 353 2851 per
376 2747 526 2840 Deum,
551 2763 595 2828 ut
615 2767 853 2828 numerorum
882 2765 929 2822 err
971 2763 987 2819 r
1026 2745 1063 2821 ἅ
1098 2763 1145 2834 ο·,
1175 2753 1216 2821 ut
1240 2744 1348 2822 etiarn
1373 2761 1534 2844 'gemant

140 2867 282 2948 cuidam
309 2868 465 2970 miculpi
489 2857 629 2947 curaer
654 2889 679 2945 0
712 2859 753 2947 tr
781 2891 828 2952 ι,
858 2884 931 2965 qua
960 2857 1127 2961 sigillatas
1153 2858 1308 2940 Litterae
1326 2861 1417 2940 mihi
1446 2867 1533 2941 nnt-

139 2999 209 3064 tere
239 2987 348 3064 solet.
388 2983 633 3066 Periodorum
662 2983 762 3082 leges
789 2981 964 3061 balianus-
991 3002 1072 3056 non·
1095 2978 1243 3072 habeo,
1273 2975 1338 3056 rrifi
1368 3003 1437 3080 pro
1463 3005 1534 3061 nu·

140 3107 243 3182 rueris
264 3101 513 3184 arithmetica
532 3095 812 3206 progressionis,
837 3097 937 3177 velut
961 3095 1198 3185 naturalibus,
1228 3093 1267 3174 sc
1289 3121 1418 3177 eorum
1437 3087 1535 3176 mul·
1687 3113 1689 3118 ·

141 3223 263 3322 tiplis,
289 3223 354 3299 [εά
384 3219 516 3302 vellem
543 3221 667 3320 detegi
695 3243 758 3296 eos
790 3219 898 3294 etiarn
932 3237 1001 3315 pro
1025 3217 1201 3314 potentiis
1232 3213 1270 3292 &
1298 3213 1448 3295 summis
1475 3243 1533 3296 ea·

141 3361 227 3416 roua
291 3334 510 3418 Videbimus
544 3363 591 3416 an
626 3333 755 3438 aliquit
785 3323 937 3436 Panflu
973 3335 1036 3434 qui
1070 3331 1133 3410 hic
1156 3329 1200 3409 lie
1221 3332 1437 3433 praestiturur
1468 3337 1533 3413 ali-

142 3457 237 3556 quiri
300 3457 409 3537 Certe
444 3458 521 3535 haec
555 3455 605 3532 est
651 3473 889 3532 numerorum
928 3453 1070 3551 optima
1106 3449 1289 3563 rinalylrs,
1326 3449 1532 3564 qujppe'in

143 3571 394 3676 simplicislima
420 3575 610 3654 Elementa
639 3593 665 3651 o
690 3574 727 3648 &a
762 3595 810 3662 13
836 3569 933 3648 unde
958 3587 1086 3646 ornnes
1112 3567 1381 3670 magnitudines
1401 3591 1536 3648 nume-

145 3693 188 3768 ria
218 3691 468 3794 exprimenda
496 3694 636 3792 optime
668 3685 737 3768 hac
765 3687 906 3766 ratione
934 3690 1199 3789 exprimentur.
1685 3681 1687 3688 ’

198 3807 363 3888 Remitto
399 3829 480 3912 qua
505 3805 641 3910 scripsit
671 3804 756 3885 Tibi
784 3803 890 3884 Draus
924 3794 1322 3894 Varrouourua,
1352 3803 1414 3904 qui
1440 3799 1532 3884 mihi

150 3927 363 4028 perpulchre
388 3929 606 4027 respondere
632 3927 775 4008 videtur
804 3921 892 4003 Dno
925 3921 1175 4018 Rour103
1207 3921 1381 4025 quoniam
1408 3933 1534 4026 tamen

150 4043 234 4120 milri
264 4051 340 4146 ejus
381 4043 595 4126 disculsrone
631 4039 884 4126 accuratillinra
909 4043 1056 4142 adjuto,
1086 4041 1191 4117 facile
1222 4041 1290 4118 fuit
1320 4039 1358 4115 in
1389 4038 1532 4138 Objec·

152 4164 259 4252 lionae
289 4177 663 4280 praetermeant
695 4160 932 4276 quatientia
964 4171 1128 4266 ruentem
1165 4153 1211 4240 acl
1247 4181 1327 4242 rem
1358 4157 1532 4237 illustrau-

1420 4275 1534 4358 tam·

1513 4361 1529 4395 ⁰
1690 4389 1703 4402 ,
