4134 5554
1063 100 1091 156 ί
1230 146 1233 154 .

563 381 640 456 244
761 366 1796 460 connuncrunrarrsronrcunr.

564 508 626 588 sed
654 509 690 585 da
715 510 790 586 astu
814 508 902 608 ipso.
954 503 1085 586 Habeo
1114 512 1211 586 enim
1246 508 1492 598 elaboratam,
1530 507 1593 586 etfi
1632 511 1676 588 ab
1689 506 1844 610 ssartr'fice
1878 532 1962 588 non
2030 527 2031 548 ¹

565 630 737 730 optimo,
775 621 873 704 unde
894 623 932 700 id
959 647 1031 722 ago
1055 639 1096 700 ut
1125 627 1278 726 perseste
1302 625 1515 704 elaboretur.

622 737 1041 838 CaeruleiBerolinensis
1074 745 1209 822 uarabo
1242 744 1378 844 aliquid
1408 743 1453 820 ad
1484 757 1523 819 te
1548 743 1751 820 transmitti.
1792 743 1960 826 .Notitia
2030 781 2031 854 ᾗ

565 861 645 938 data
672 863 722 938 est
744 875 788 934 τε
811 863 882 946 ὅτι,
915 856 974 934 sed
1008 883 1086 936 non
1111 865 1161 934 aa*
1183 863 1290 953 biam
1320 865 1438 964 'neque
1478 861 1579 938 enim
1610 863 1648 948 in
1684 884 1772 936 meo
1804 863 1959 942 arbitrio
2030 883 2031 950 t

494 997 498 1006 “
566 980 615 1054 est
641 995 859 1076 extorquere
888 976 931 1051 ab
956 974 1192 1065 hominibus,
1222 999 1302 1078 qua
1328 977 1381 1054 illi
1401 991 1572 1078 tanquam
1601 1001 1728 1056 arcana
1754 980 1986 1062 vindicant*

566 1095 626 1172 sed
660 1087 1082 1174 &Iconis'meminero
1507 1144 1514 1156 -

617 1211 698 1309 Ego
729 1229 877 1312 quoque
903 1208 1201 1290 Vrnnnnrorr
1229 1211 1393 1290 libellum
1421 1233 1499 1290 non
1522 1211 1769 1313 magnifacio,
1803 1216 1842 1291 in
1878 1241 1959 1317 quo

567 1353 636 1406 uec
674 1329 840 1405 umbram
879 1329 1193 1406 demonstrationis
1233 1333 1395 1408 invenire
1430 1333 1546 1429 potui.
1601 1329 1646 1407 Et
1691 1333 1838 1408 miratus
1874 1333 1958 1412 sum

440 1510 444 1516 .
564 1445 695 1526 Duum
722 1438 1150 1535 Fonrnunnnnu,
1177 1447 1256 1524 istas
1288 1446 1356 1524 elle
1387 1447 1551 1549 aliquid,
1582 1445 1745 1546 putasse,
1782 1473 1906 1548 nugas.
2030 1463 2031 1548 ξ

625 1561 693 1640 Per
726 1559 949 1639 Snunnu
977 1561 1164 1663 Physicam
1189 1565 1419 1665 posthumam
1448 1564 1612 1640 intellexi
1637 1568 1954 1656 continuationem
2030 1615 2031 1654 ³

567 1679 702 1780 Operis
727 1677 867 1782 Physrci
894 1685 1042 1780 majoris
1068 1673 1169 1788 (1),
1202 1682 1305 1783 quod
1330 1683 1469 1782 coepit,
1497 1680 1559 1756 sed
1594 1681 1696 1782 quod
1730 1698 1848 1760 morte
1876 1691 1958 1784 ejus
2030 1679 2031 1752 ἶ

566 1800 760 1899 abruptum
789 1796 867 1874 suit.
913 1797 1024 1876 Aiunt
1053 1812 1175 1874 tamen
1209 1801 1248 1872 in
1285 1798 1436 1875 Schedia
1463 1812 1648 1898 repertum
1685 1796 1753 1874 esse
1786 1797 1835 1875 fic
1874 1805 1953 1879 satis
2030 1803 2031 1814 '

566 1929 813 2016 promotum,
846 1924 952 2016 atque
982 1915 1073 1992 adeo
1114 1915 1267 2012 dignum
1295 1914 1381 1991 esset
1417 1928 1458 1990 ut
1486 1915 1647 2001 edatur,
1683 1919 1767 2015 quia
1800 1917 1955 2019 diligens
2030 2011 2031 2014 Ἴ

569 2044 665 2108 certe
699 2031 746 2106 est
782 2033 820 2107 in
852 2033 1129 2130 colligendis&
1164 2031 1403 2129 dijudicandis
1443 2033 1482 2106 iis
1512 2055 1591 2132 qua
1622 2033 1845 2132 profundam
1880 2062 1955 2114 me·
2030 2061 2031 2090 ³

570 2146 785 2225 ditationem
819 2171 899 2228 nou
934 2149 1129 2248 postulant.
1271 2138 1284 2157 ⁸
2030 2155 2031 2228 f

615 2263 858 2366 Optandum,
893 2265 971 2354 est,
1002 2281 1042 2349 ut
1065 2263 1144 2342 Tua
1174 2261 1220 2340 ad
1249 2247 1543 2341 Newtrm‘nnnm
1572 2255 1680 2366 Opus
1706 2267 1849 2344 monita
1876 2267 1951 2346 col·

568 2383 729 2482 ligantur
753 2385 791 2457 in
818 2405 957 2469 unum,
985 2383 1021 2457 ἃ
1052 2373 1118 2481 ipss
1151 2375 1205 2456 illi
1233 2401 1386 2478 egregio
1423 2379 1709 2480 Viroprivatim
1736 2388 1947 2472 mittantur,

568 2501 628 2576 rel
656 2498 701 2575 ad
735 2497 956 2576 emendanda
993 2498 1051 2574 vel
1077 2497 1123 2574 ad
1150 2497 1362 2598 explicanda
1391 2498 1461 2576 sua,
1509 2496 1624 2592 Quod
1656 2499 1700 2574 ad
1725 2499 1949 2585 resistentiam
2011 2571 2015 2586 ,

569 2621 699 2694 attinet
731 2637 778 2692 ex
812 2607 953 2692 defectu
980 2609 1191 2692 lubricitatis
1219 2627 1364 2718 ortam,
1397 2612 1552 2714 sepofito
1582 2613 1697 2692 fluido
1727 2673 1738 2703 ,
1770 2621 1951 2716 concipia-

570 2757 653 2810 mus
677 2727 869 2832 globulum
895 2735 937 2807 iu
978 2745 1097 2831 tapete
1125 2733 1247 2832 aliquo
1275 2731 1369 2806 serti.
1427 2730 1528 2809 Patet
1555 2730 1692 2808 amissas
1727 2735 1765 2807 in
1794 2727 1948 2832 'globulo

571 2853 664 2928 uires
692 2842 759 2925 esse
792 2847 1007 2926 aestimandas
1044 2871 1200 2924 numero
1235 2849 1455 2944 exiguorum
1490 2849 1656 2946 pilorum
1685 2847 1946 2939 elasticorum,

567 2967 666 3066 ¹quos
696 2964 836 3043 flectere
862 2965 1016 3064 globum
1044 2975 1244 3063 oporteat,
1285 2964 1393 3041 duslo
1420 2967 1457 3039 in
1490 2968 1563 3040 viru
1591 2967 1787 3067 uuicuique
1821 2968 1948 3045 borum

573 3075 733 3180 pilorum
758 3081 966 3183 impensam.
997 3073 1114 3180 quue
1145 3079 1301 3179 pendere
1335 3105 1352 3155 a
1384 3081 1615 3178 longitudine
1644 3084 1798 3172 itineris,
1834 3087 1948 3183 itaque

572 3195 771 3274 celeritates
800 3193 928 3276 ansillae
957 3199 1037 3274 sunt
1061 3197 1352 3296 longitudinibus
1377 3197 1549 3294 percurfis
1569 3202 1870 3297 proportionalem
1901 3201 1951 3302 Sit

571 3311 743 3390 velocius
768 3319 909 3415 integra
938 3339 993 3416 g,
1022 3313 1158 3393 refidua
1182 3337 1243 3402 v,
1276 3317 1344 3390 erit
1369 3313 1487 3390 ansilla
1514 3339 1692 3416 g--o3
1724 3316 1767 3393 srt
1794 3318 1949 3416 lougiru·

527 3524 529 3529 .
570 3428 621 3510 do
648 3429 811 3532 percursa
839 3429 876 3521 l,
907 3445 1012 3508 eruut
1039 3453 1203 3532 g-v,
1234 3445 1276 3508 ut
1297 3427 1332 3524 Ι;
1369 3428 1670 3530 ergo-duut
1696 3431 1768 3530 als
1798 3433 1855 3512 sed
1883 3433 1947 3528 dl3
2030 3429 2031 3462 ¹

570 3549 653 3626 suut
685 3561 725 3624 ut
755 3542 877 3636 vdt,
924 3569 1012 3645 ergo
1047 3541 1318 3626 sit-dvut
1356 3555 1494 3635 out,
1538 3549 1596 3624 seu
1638 3547 1834 3650 aequalibus
1863 3553 1950 3630 sunu
2030 3577 2031 3662 ᾗ

570 3659 617 3742 tis
641 3679 851 3767 temporum
875 3657 1087 3752 elementis,
1119 3662 1199 3740 sunt
1219 3665 1479 3742 diminutiones
1504 3665 1800 3744 velocitatum-in
1828 3673 1947 3770 quovis

571 3797 764 3860 momento
796 3773 1045 3860 velocitatibus
1074 3779 1157 3880 ipsrs
1180 3782 1484 3880 proportionales.
1546 3781 1647 3857 lderu
1683 3786 1732 3861 esi
1758 3783 1783 3860 sr
1812 3787 1946 3884 globo,
2030 3837 2031 3872 ,

573 3899 635 3998 qui
668 3901 704 3973 in
735 3899 858 3978 medio
891 3899 1028 3990 fertur,
1057 3899 1189 3976 tribuas
1219 3898 1483 3996 asperitatem,
1525 3922 1607 3975 narn
1649 3900 1851 4000 asperitates
1874 3901 1948 3979 suut
2030 3987 2031 4010 χ

574 4007 733 4090 colliculi
759 4011 912 4104 elasttci,
942 4015 1006 4120 qui
1046 4013 1208 4094 radendo
1236 4011 1398 4092 medium
1424 4017 1610 4092 nonnihil
1636 4019 1885 4118 deprimuntur
1915 4021 1948 4094 da
2030 4069 2031 4136 q

574 4130 774 4226 resurgunt.
819 4131 912 4210 Etsr
941 4133 1056 4212 fluido
1091 4135 1318 4212 tenacitatem
1352 4131 1509 4232 aliquam
1549 4135 1703 4222 tribuas,
1738 4159 1795 4212 rea
1824 4135 1947 4214 eodem

574 4245 694 4334 redit,
736 4247 882 4346 concipi
912 4255 1008 4328 euim
1044 4253 1205 4350 potest,
1253 4253 1397 4352 quoties
1429 4251 1566 4327 mobile
1604 4254 1818 4329 ucoutasiu
1849 4255 1946 4352 partis
2030 4283 2031 4330 r

574 4361 676 4444 fluidi
700 4361 733 4439 se
758 4361 910 4450 liberat,
937 4370 1046 4444 toties
1068 4369 1281 4468 abrumpere
1304 4369 1361 4448 sila
1394 4366 1545 4457 viscosa,
1573 4369 1702 4470 quibus
1726 4371 1941 4446 retinebatur.

1843 4481 1945 4563 Porro
2030 4515 2031 4554 r

655 4625 717 4724 (1)
747 4627 815 4711 ud.
842 4629 928 4722 Epist.
949 4645 1042 4725 prae.
