4166 5558
208 365 1058 478 natanznnnnaaanonntai,
1082 357 1425 464 nnm'ecvm.
1465 409 1533 488 315

151 624 315 644 ἡ
328 617 1537 652 **Μ“*“““““

389 731 980 900 marona
1066 774 1345 867 ccmn..

185 995 1496 1086 nannonnt11anna1an1a1nn

391 1221 713 1390 Responfio
755 1221 827 1344 ad
852 1181 1290 1388 'praecedentem

144 1525 198 1592 De
222 1513 429 1608 Legarithmis
453 1523 669 1588 Mmterormn
696 1523 923 1612 negativarum.
953 1518 1004 1584 De
1031 1517 1215 1588 commercio
1239 1485 1398 1610 nptffmo
1416 1518 1531 1594 Com

198 1633 375 1688 mnsu.
413 1623 465 1690 Dc
495 1615 685 1688 Problemata
706 1612 1136 1703 Anonisproponenm.
1168 1622 1218 1688 De
1237 1617 1480 1694 Cufflttffll

540 1714 708 1803 'jaiiantin
750 1713 1137 1786 DeHennannm
1630 1727 1633 1734 ’

243 1921 316 2013 Vir
338 1925 594 2042 Ampliffime
619 1945 755 2130 atquet
770 1927 1066 2130 geifber'rimm
1096 1933 1249 2017 Fautor
1278 1933 1430 2019 Hono·
1576 2023 1581 2035 ,

757 2071 810 2133 a
844 2070 948 2130 ame.

237 2288 301 2368 En
334 2313 394 2366 me
420 2289 506 2365 licet
537 2286 685 2362 definire
711 2285 972 2382 logarithmum
1002 2309 1071 2385 pro
1100 2289 1247 2368 arbitrio
1276 2289 1386 2386 Tu03
1412 2291 1652 2400 modo1713,

241 2431 317 2486 non
351 2429 472 2503 negetv
507 2402 647 2505 [quod
673 2403 717 2479 ab
750 2403 857 2478 initio
888 2401 1122 2498 conceffisti]
1166 2405 1426 2502 assumtionem·
1448 2408 1610 2502 uni-Jut

139 2528 225 2602 tatis
257 2521 475 2602 affirmativae
496 2545 565 2620 pro
597 2523 717 2618 primo
747 2541 902 2596 numero
925 2518 993 2596 effe
1018 2543 1116 2598 mete
1142 2525 1384 2618 arbitrariam
1417 2524 1530 2602 adeo·

141 2665 218 2742 que
242 2643 351 2719 licere
378 2643 557 2718 unitatem
591 2640 796 2737 negativam
835 2659 903 2734 pro
926 2637 1048 2734 primo
1074 2663 1229 2716 numero
1258 2639 1459 2728 adhibere,
1486 2655 1528 2718 ut

140 2757 279 2836 scilicet
305 2758 527 2858 supponatur
558 2753 843 2852 tog-12-
863 2777 909 2845 03
938 2777 1015 2853 quo
1047 2752 1090 2831 fit
1119 2771 1158 2832 ut
1183 2761 1342 2847 omnia,
1371 2780 1450 2859 quaa
1481 2758 1527 2838 de

140 2875 371 2974 logarithmis
401 2895 639 2961 numerorum
670 2873 924 2972 negativorum
950 2873 989 2948 in
1017 2876 1255 2951 anterioribus
1288 2878 1376 2952 meis
1402 2875 1527 2952 litteris

140 2989 285 3093 scripsi,
313 2993 405 3068 bene
439 2989 657 3090 procedant3
687 3013 757 3066 nec
780 3006 899 3065 tamen
927 2987 1015 3064 inde
1042 2989 1145 3090 quod
1170 2995 1301 3070 metuis
1328 2992 1521 3093 sequatur,
1664 3077 1670 3086 ,

139 3105 417 3208 impoffibilium
430 3109 669 3210 quantitatum
695 3105 773 3184 tore
800 3103 981 3203 poffibiies
1000 3105 1250 3204 logarithmos.
1288 3105 1418 3186 Vidisti
1434 3133 1527 3210 quo-

141 3249 216 3328 que
254 3249 330 3326 quo
361 3227 460 3302 sensu
491 3219 709 3318 ammisit,
737 3221 998 3319 logarithmum
1023 3228 1167 3300 numeri
1188 3223 1259 3302 eise
1292 3225 1446 3325 duplum
1470 3228 1526 3304 lo-

139 3341 327 3443 garithmi·
348 3343 493 3432 radicis,
525 3343 562 3416 dc
598 3363 707 3440 quam
735 3359 863 3438 parum
890 3351 1024 3414 evertat
1048 3341 1274 3420 existentiam
1297 3343 1451 3421 duarum
1469 3343 1526 3421 lo·

139 3459 438 3560 gatithmicarum
463 3457 566 3556 super
597 3456 729 3548 eodem
755 3479 851 3556 axe,
879 3478 898 3530 a
925 3451 981 3531 Te
1011 3459 1131 3556 primo
1169 3473 1372 3559 negatam,
1408 3485 1428 3534 a
1463 3481 1524 3536 me

139 3597 232 3654 tero
263 3599 309 3652 ex
333 3575 406 3674 ipsa
430 3573 655 3673 Hyperbolae
682 3587 804 3650 natura
834 3573 955 3670 postea
979 3573 1267 3656 demonstratam.
1298 3575 1382 3653 Hoc
1403 3586 1523 3652 autem

139 3696 294 3770 unicum
319 3710 392 3770 erat
423 3691 527 3794 quod
559 3691 736 3766 volebam.
783 3691 847 3784 id,
881 3687 907 3765 li
938 3690 1030 3770 mihi
1055 3717 1155 3771 nunc
1180 3693 1380 3776 concedas,
1410 3693 1523 3790 patiar

141 3810 296 3887 libenter
324 3827 364 3886 ut
391 3810 527 3908 reliqua
552 3806 619 3884 sint
648 3831 755 3886 merae
780 3809 1015 3887 definitionis.
1207 3890 1213 3910 ι

223 3925 283 4004 De
307 3923 434 4003 libello
459 3923 658 4029 Angiicano
685 3929 798 4004 multa
825 3949 903 4004 non
935 3924 1053 4002 habeo
1079 3924 1183 4024 quod
1213 3923 1344 4002 addam
1378 3928 1450 4025 jam
1483 3927 1523 4006 in

139 4043 386 4144 superioribus
410 4067 430 4120 a
456 4066 514 4118 me
546 4043 646 4120 dittis
667 4068 677 4136 3
713 4041 1012 4121 Forteinvenies
1037 4039 1113 4140 ipse
1145 4042 1275 4142 plura,
1313 4044 1376 4122 ubi
1405 4045 1522 4145 ipsum

139 4159 308 4241 libellum
335 4150 472 4238 videris.
507 4155 610 4251 Quid
636 4151 799 4261 Parfini
822 4162 860 4234 in
880 4156 1084 4234 universum
1112 4157 1157 4235 de
1185 4183 1232 4238 eo
1253 4161 1405 4240 sentiant
1427 4187 1520 4242 non-

140 4279 231 4356 dum
261 4275 431 4376 equidem
458 4275 549 4352 mihi
578 4277 729 4353 constat.
794 4273 1180 4356 Vannnnonaun
1215 4281 1318 4383 quod
1360 4285 1522 4369 attinet,

138 4396 203 4472 ille
233 4398 269 4470 in
304 4393 371 4470 suis
401 4393 528 4472 litteris
566 4381 769 4495 Angtorum
797 4390 1022 4494 procedendi
1050 4395 1205 4475 modum
1239 4422 1442 4500 eorumque
1470 4421 1523 4476 ar-

140 4525 248 4610 gutae
275 4513 315 4593 in
350 4511 553 4623 arrogando
588 4511 832 4618 prensationes
871 4512 974 4596 valde
990 4605 993 4618 Ι
1011 4499 1219 4614 improbat:
1253 4517 1370 4619 Optat
1402 4539 1545 4612 vem„

266 4679 273 4692 ·
964 4627 1029 4712 Rt
1089 4653 1118 4716 a
1483 4641 1525 4708 ut
