4166 5558
216 373 532 446 urruurrrr
555 373 626 443 rr
646 371 1040 468 urruoutrrr,
1065 374 1191 449 Ense.
1217 371 1447 478 ccxxxvi.
1484 383 1552 460 391

141 505 264 586 Nam
289 505 433 583 coaetus
454 504 502 580 est
526 529 709 584 recurrere
735 503 779 581 ad
809 529 969 594 meram,
999 520 1037 584 ot
1069 522 1203 598 vocat,
1235 506 1306 584 Dei
1330 509 1555 584 voluntatem
1579 529 1684 610 ¹7³6·

147 625 265 700 nulla
290 626 455 710 ratione,
489 624 592 698 nullo
618 625 760 699 motivo
789 624 936 726 nitram,
964 626 1066 723 quod
1096 627 1185 704 rnihi
1206 625 1419 712 absurdum,
1437 627 1472 698 dr
1489 621 1554 700 Di·
1577 623 1705 694 Otlob

147 745 260 818 uinae
281 740 496 838 sapientiae,
539 742 668 838 pariter
709 761 751 816 ac
795 762 918 824 retum
959 757 1096 818 natorae
1136 739 1357 836 eontrarium
1401 741 1552 819 videtur.
1713 831 1716 838 Ι

151 859 375 938 Nemeum
400 856 486 934 scias
512 843 644 964 Anglot
671 879 717 934 ex
742 856 857 956 spatio
880 857 998 936 facere
1012 860 1162 961 aliquod
1185 859 1390 935 absolutum
1414 881 1454 934 ac
1481 881 1557 934 rea·
1652 939 1653 942 a

150 977 222 1063 le,
253 995 410 1052 vacuum
436 977 545 1050 etiam
569 973 785 1074 admittere,
818 975 997 1072 ostendo,
1038 976 1182 1054 admissa
1208 975 1369 1052 absoluta
1395 975 1558 1056 realitate

151 1094 295 1195 spatii,
320 1117 406 1170 cum
440 1093 477 1168 id
505 1094 644 1192 ubique
675 1090 960 1182 litandorum,
989 1094 1206 1194 impollibile
1239 1090 1308 1168 esso
1339 1093 1415 1167 dari
1446 1096 1557 1168 tatio-

156 1235 258 1290 nem
286 1233 350 1286 cur
370 1233 425 1286 res
452 1207 552 1286 Deus
572 1215 609 1285 in
638 1209 707 1286 hac
737 1213 987 1311 potiusquam
1014 1213 1081 1292 alla
1112 1227 1212 1313 parte
1235 1209 1363 1309 spatii,
1397 1223 1457 1284 aut
1482 1210 1558 1284 hoc

157 1332 296 1430 potius
322 1351 432 1426 quam
455 1327 596 1407 inverso
618 1328 684 1405 fito
712 1329 823 1406 locet.
865 1325 962 1414 Mihi
989 1355 1083 1408 vero
1103 1331 1254 1429 spatium
1281 1326 1368 1401 nihil
1394 1316 1559 1404 aliudell

159 1469 283 1548 quam
308 1445 403 1522 ordo
424 1445 674 1534 coexistendi,
706 1447 873 1548 adeoque
909 1445 1053 1524 sublatis¹
1093 1449 1213 1526 rebus*
1233 1445 1373 1522 nullum
1403 1443 1478 1531 est,
1522 1441 1560 1516 de
1595 1435 1600 1443 ’

162 1563 306 1642 eodem
331 1577 502 1642 manente
525 1585 647 1644 rerum
669 1567 836 1640 omnium
870 1561 959 1654 situ,
991 1565 1102 1644 idem,
1157 1561 1309 1640 Videtur
1340 1563 1376 1636 dr
1411 1567 1449 1638 in
1483 1561 1563 1638 aliis

161 1684 425 1760 vadimonium
457 1680 642 1759 deseruisse
681 1682 962 1764 Cnnnrrrue
1011 1683 1172 1784 Expesto
1206 1681 1325 1760 adhuc
1360 1676 1559 1780 responsio-

164 1823 261 1876 nem
287 1801 330 1875 ad
352 1795 577 1875 novissimam
601 1824 720 1876 meam
751 1798 983 1899 scripturam,
1016 1824 1096 1901 quae
1118 1801 1251 1880 videbo
1277 1825 1321 1875 an
1347 1799 1561 1895 replicatio·

164 1941 297 1993 nema
325 1939 382 1992 me
401 1935 589 1992 mereatur.
650 1913 789 1994 Omnia
819 1915 923 1990 linito
941 1923 1138 1996 certamine
1167 1919 1328 1996 edentur.
1378 1913 1448 1993 Sed
1475 1939 1562 1993 cum

166 2057 241 2136 per
280 2057 408 2144 manue
443 2047 528 2111 eant
562 2031 798 2113 Serenilstntae
835 2031 1013 2137 Principis
1059 2029 1249 2126 Walliae,
1282 2041 1360 2136 ejus
1389 2034 1426 2111 ld
1459 2034 1564 2110 venia

169 2151 248 2229 fiet.
1175 2182 1180 2190 ·

253 2265 460 2346 Redilsrme'
482 2267 588 2348 faciet
613 2263 800 2346 Dominus
828 2264 1172 2356 Herminium,
1204 2267 1566 2347 liVerzanrnm

172 2389 344 2466 omittat:
375 2391 575 2485 generatim
604 2390 702 2484 enim
731 2387 798 2461 illis
834 2412 911 2463 non
944 2387 1237 2486 respondendum
1265 2389 1421 2475 censeo,
1460 2390 1566 2486 quia

170 2503 337 2605 Legibus
365 2505 522 2582 honestae
547 2502 796 2603 disputationis
821 2505 1007 2583 recedunt.
1044 2516 1048 2522 '

266 2619 546 2700 Gnrrrreunr
581 2626 713 2699 merito
746 2621 891 2697 extollit
937 2621 1247 2710 Varenum,
1286 2623 1351 2724 qui
1388 2633 1486 2700 certe
1520 2618 1566 2695 ad

172 2735 451 2818 Phoronorniea
485 2743 562 2818 aliis
596 2744 691 2816 viam
718 2742 868 2838 aperuit.
927 2739 999 2817 Sed
1033 2742 1368 2820 Cnvnrtenro
1407 2738 1567 2815 multum

175 2859 275 2934 adeo
309 2859 419 2936 tribui
455 2857 556 2960 posse
590 2882 666 2934 non
701 2859 865 2934 arbitror.
915 2857 961 2936 Et
999 2875 1167 2938 notatum
1210 2864 1280 2958 jam
1314 2861 1364 2938 est
1399 2853 1567 2936 aGuu·

176 2999 339 3068 orno,
371 2975 520 3076 aliisque
554 2973 837 3054 Kerrnuurn
869 2979 906 3052 in
940 2977 1035 3056 libro
1066 2968 1115 3054 de
1143 2969 1246 3055 Delio
1278 2971 1475 3082 Austrum
1498 2967 1592 3076 ipst'

177 3089 530 3171 Cluntrtrro
555 3095 718 3170 adhunc
747 3091 1028 3184 Geornetriarn,
1064 3119 1173 3198 quam
1200 3095 1471 3172 indivisibilium
1501 3116 1568 3171 vo·
1670 3165 1674 3168 .

178 3225 268 3300 cat,
292 3215 386 3288 viam
406 3209 589 3312 aperuisse.
639 3211 679 3288 ln
712 3209 955 3288 Bonrrro
977 3215 1135 3290 multum
1160 3214 1356 3313 diligentie
1384 3212 1568 3312 agnosco,
1643 3265 1645 3269 ,

181 3327 339 3427 ingenio
365 3330 542 3406 mediocri
569 3328 669 3404 fuisse
699 3329 852 3404 videtur.

222 3444 344 3524 Facile
365 3448 570 3544 iudicabam
595 3445 767 3523 Turro
781 3469 801 3522 u
816 3469 829 3519 r
845 3445 903 3522 vel
918 3443 1145 3526 Surrenti
1160 3439 1277 3552 Angit
1305 3445 1454 3526 Librum
1482 3443 1569 3524 Tibi

182 3587 314 3666 patum
337 3563 439 3644 suisse
470 3565 733 3641 satissaelurum.
790 3561 1013 3662 Huiusmodi
1053 3566 1207 3668 scriptor
1236 3565 1325 3642 milri
1359 3563 1456 3638 haud
1488 3563 1570 3644 satis

183 3695 293 3784 aptus
319 3680 462 3761 videtur
486 3683 530 3758 ad
554 3681 768 3758 obeundum
796 3678 960 3762 officiunt
992 3679 1179 3763 Secretarii
1204 3683 1391 3762 Societatis
1417 3675 1569 3778 Regiae;

107 3847 116 3868 ,
185 3797 292 3902 quod
337 3800 531 3899 postularet
571 3798 763 3881 bominem
804 3803 926 3878 minus
965 3800 1109 3879 sortasse
1143 3801 1466 3886 mathematicum
1504 3795 1570 3874 sed

187 3917 306 4016 magis
326 3917 486 4005 clarum,
510 3916 714 4018 latiumque
729 3918 775 3994 ad
791 3915 1020 3996 Commetcia
1044 3917 1225 3996 litteraria.
1563 4013 1564 4016 p

275 4030 461 4112 Dominus
495 4033 693 4112 Moeno
711 4060 801 4111 nr‘r
820 4058 873 4112 us
909 4033 1121 4133 significavit
1154 4035 1243 4114 mihi
1269 4033 1305 4114 se
1325 4034 1458 4114 litteras
1481 4055 1571 4134 pro·
1646 4131 1649 4138 y

188 4149 280 4229 lixae
309 4149 356 4232 ad
390 4151 491 4232 bunc
517 4149 847 4233 Sertorium
889 4163 1035 4255 parare,
1063 4166 1192 4248 contra
1224 4155 1404 4237 hodierna
1433 4141 1575 4255 Angla-

1490 4292 1578 4350 nau
