4134 5554
128 373 132 381 ’
194 359 1411 499 narnnrrrr-'nrn'rnnonnrrnnmr.cnxxxl.
1465 425 1533 501 241
1673 405 1677 414 '

131 543 180 616 ab
207 543 420 644 aequalibus
449 543 573 644 figuris
600 555 642 620 ut
670 543 753 644 ipsae
782 543 980 640 figurarum
1010 525 1241 630 velocitates,
1277 566 1365 643 quas
1399 543 1535 619 unisor·
1555 599 1659 671 1710·

133 683 219 738 mes
260 657 435 762 suppono
442 686 457 756 3
481 663 577 739 unde
603 665 717 740 oritur
743 665 835 737 ratio
863 658 1134 736 refistentiarum
1155 663 1192 735 in
1216 662 1357 738 ratione
1379 659 1538 758 duplica·
1551 683 1684 758 Decem,

135 789 175 854 ta
202 777 467 856 relocitrtum.
497 778 584 878 Pag.
606 802 696 876 374.
720 775 815 854 unda
830 799 913 852 cum
940 766 1172 884 imprqffimes
1191 768 1287 882 fiant
1311 778 1379 857 dac.
1402 777 1541 878 duplex

137 891 205 970 hic
231 895 331 972 latet
356 917 485 993 error3
514 900 635 997 primo
671 897 789 983 enim,
819 885 1065 994 impressiones
1099 915 1170 992 qna
1203 895 1309 982 orbes
1335 895 1370 971 se
1409 907 1538 973 mutuo

136 1032 210 1110 per
241 1011 689 1118 frislionemgimpellunt,
712 1035 788 1089 non
817 1011 898 1090 sunt
930 1015 1079 1110 utique,
1117 1011 1185 1105 [ut
1212 1025 1316 1088 autor
1335 1011 1539 1113 supponit]

138 1129 181 1202 in
226 1128 306 1206 sola
333 1133 472 1208 ratione
503 1133 635 1209 virinnr'
661 1127 926 1216 resistentium,
965 1127 1024 1208 sed
1052 1123 1156 1206 simul
1191 1132 1299 1206 etiam
1330 1127 1540 1210 earumdem

139 1245 406 1324 distantiarum
427 1271 446 1325 a
467 1261 595 1326 senno
617 1249 781 1350 orbium,
809 1269 874 1347 per
902 1236 1217 1333 saturatorum,
1244 1250 1384 1348 inquo
1409 1241 1552 1323 virium

142 1383 348 1440 momenta
370 1365 533 1442 crescunt
552 1368 593 1442 in
618 1369 756 1444 ratione
780 1363 1022 1440 distantiarum
1046 1365 1090 1440 ab
1120 1363 1412 1463 hypomochlio,
1441 1366 1478 1439 &
1502 1365 1542 1438 in

144 1485 271 1568 rotis,
296 1481 354 1558 vel
384 1482 531 1558 orbibus
552 1485 591 1560 in
613 1486 754 1560 ratione
784 1481 986 1558 radiorum:
1022 1479 1194 1566 Deinde,
1221 1483 1311 1558 vires
1337 1477 1543 1558 resistentia-

147 1619 244 1675 rum
267 1620 346 1674 non
373 1611 514 1676 tantam
539 1599 623 1676 sont
650 1613 691 1676 ut
715 1597 898 1697 contignos
926 1595 1150 1696 superficies,
1174 1597 1217 1688 nr
1240 1595 1367 1672 harum
1397 1597 1544 1675 transla-
1602 1673 1606 1682 ,
1671 1653 1677 1660 -

150 1718 281 1790 tiones
306 1713 351 1790 ab
369 1717 526 1793 invicem
553 1715 765 1816 simpliciter
789 1713 933 1801 lianrtae,
964 1713 1024 1789 sed
1044 1728 1086 1791 ut
1108 1712 1294 1814 contiguae
1319 1713 1542 1813 superficies,

155 1833 194 1907 δι
227 1835 251 1926 s
273 1832 586 1932 quemadmodum
624 1834 733 1938 supra¹
754 1831 809 1910 ad·
826 1833 960 1908 autoris
992 1827 1213 1930 hypothesin
1249 1833 1451 1938 annotari]
1485 1823 1588 1910 har-⁸,

117 2013 125 2018 .
156 1972 242 2026 rum
278 1949 584 2043 translationum,
606 1951 681 2026 hoc
704 1950 773 2046 est,
806 1947 1040 2024 relocitntum
1066 1950 1316 2038 relativarum,
1344 1949 1475 2056 quibus
1493 1971 1552 2026 or·

157 2067 224 2142 bes
251 2087 272 2140 a
303 2065 520 2144 seinvicem
553 2059 780 2169 separantur,
817 2063 1006 2168 quadrata..
1044 2063 1192 2144 Interim
1211 2124 1235 2162 ‚¹
1257 2067 1358 2168 quod
1388 2064 1551 2152 mirabrle

158 2181 225 2260 hie
251 2181 408 2272 acc'idit,
440 2183 514 2260 duo
550 2183 587 2260 hi
612 2185 753 2260 errores
786 2183 820 2258 se
857 2196 989 2258 mutuo
1013 2181 1242 2280 ‚restituunt,
1272 2183 1482 2288 faciuntque
1510 2199 1550 2262 nt

161 2311 333 2399 tempora
358 2297 543 2400 periodica
568 2300 602 2378 l‘e
630 2302 786 2378 habeant
811 2298 916 2376 ficuti
945 2302 983 2373 in
1000 2297 1250 2399 propositione
1280 2300 1446 2378 asseritur.
1462 2299 1551 2409 Sed

135 2433 249 2518 pag.
283 2429 387 2510 376,
419 2419 482 2494 obi
511 2419 657 2497 eosdem
690 2441 828 2494 errores
855 2411 1035 2492 commisit
1061 2415 1221 2507 Audon,
1252 2415 1292 2494 hi
1322 2403 1394 2517 jam
1413 2405 1455 2493 se¹
1474 2407 1553 2500 mn·
1763 2517 1766 2524 ,

165 2549 233 2611 tato
260 2554 338 2608 non
364 2535 622 2637 compensant,
653 2535 819 2636 adeoque
845 2533 984 2632 abludit
1013 2556 1032 2609 a
1062 2539 1311 2622 veteratione
1342 2551 1553 2632 temporum
1630 2527 1637 2536 ’

167 2647 444 2751 periodicornm
470 2655 626 2753 partium
654 2653 756 2729 fluidi
785 2655 823 2727 in
849 2649 987 2726 vortice
1014 2647 1180 2740 infinito,
1217 2667 1283 2751 pet
1318 2649 1474 2749 globum
1490 2650 1560 2754 ali·

48 2761 68 2866 ⁷‘f
168 2789 281 2868 quem
310 2771 404 2845 circa
434 2794 540 2846 axem
560 2767 677 2848 ¹suum
711 2755 923 2846 moventem
959 2765 1111 2865 agitato.
1152 2751 1304 2846 snrenit‘·
1339 2769 1436 2843 enirn
1474 2766 1552 2845 hate

42 2936 73 2994 a·
168 2901 337 2983 tempora
367 2887 550 2986 periodica
571 2891 610 2964 in
634 2891 774 2965 ratione
799 2875 1229 2988 quadrata'distantnrum
1253 2883 1271 2964 h
1296 2899 1421 2962 centro
1444 2883 1556 2991 sphae-
1640 2921 1643 2930 v

40 3029 68 3058 ἱ
169 3023 242 3080 rae:
277 2991 365 3100 Fgo
386 3027 474 3080 vero
506 3008 544 3082 in
569 3008 709 3083 ratione
743 3001 987 3109 sesquiplicata
1010 3003 1254 3094 earumdem,
1293 3001 1435 3104 prorsus
1467 3025 1557 3079 con·

172 3119 336 3197 formiter
367 3121 615 3221 phoenomenis
654 3121 882 3201 Planetarum
920 3123 956 3198 nc
995 3121 1217 3208 satellitum,
1255 3126 1291 3200 δι
1323 3125 1371 3216 ita
1401 3123 1554 3198 vortices

48 3242 57 3288 ἕ
175 3225 426 3338 Cartffnn'os,
462 3255 588 3316 contra
620 3237 836 3340 opinionem
861 3239 1036 3329 susionis,
1069 3241 1132 3342 qui
1164 3237 1250 3318 salso
1278 3241 1343 3320 suo
1385 3233 1553 3340 Theora-

52 3369 57 3416 ῖ
170 3355 260 3431 mati
285 3353 431 3432 innixus
459 3379 523 3432 eos
556 3357 759 3434 convellere
781 3371 959 3444 conatur,
988 3375 1070 3460 pag.
1092 3367 1191 3446 381.
1230 3357 1267 3434 &
1297 3372 1398 3450 382,
1425 3347 1554 3432 mirifi⁴

174 3496 216 3549 ce
245 3471 449 3550 alirnuntur
478 3475 515 3551 δι
538 3472 816 3554 confirmantur:
853 3472 898 3550 de
928 3497 1003 3574 qno
1030 3469 1189 3552 multum
1221 3473 1295 3554 stne
1328 3473 1443 3550 dubio
1471 3468 1556 3568 glo·

173 3592 285 3668 riatus
311 3587 426 3666 suisset
447 3588 757 3678 Cannrsrns,
784 3586 807 3664 fi
837 3589 1120 3692 sesquiplicatam
1142 3587 1241 3668 illam
1267 3595 1447 3669 rationem
1466 3599 1558 3660 tem-

173 3731 308 3808 pornm
332 3705 629 3806 periodicorurn,
666 3729 745 3808 quae
772 3729 836 3808 per
862 3707 1129 3788 ohservationes
1154 3704 1308 3784 Planetis
1341 3715 1558 3804 competunt

41 3873 44 3880 ·
175 3827 348 3924 potuisset
373 3823 613 3906 demonstrare
645 3827 803 3922 partibus
831 3824 933 3904 fluidi
964 3825 1111 3904 vorticis
1144 3823 1188 3898 ab
1216 3827 1336 3899 attritu
1364 3819 1396 3894 se
1427 3836 1558 3898 mutuo
1623 3866 1628 3874 ·

178 3937 449 4047 impellentibus
485 3943 685 4022 identidem
719 3941 912 4023 necessario
948 3925 1084 4019 messe:
1117 3940 1218 4038 quod
1257 3952 1354 4015 certe
1397 3938 1559 4018 adversus
1654 3941 1657 3946 ’

178 4057 470 4138 Nrwronnn
498 4059 588 4138 serio
623 4061 667 4160 ad
693 4061 857 4138 animum
888 4061 1049 4137 revocari
1080 4069 1277 4132 maratana
1307 4047 1557 4164 Cartrfinm's,

44 4211 67 4277 p
178 4177 205 4252 fi
237 4176 391 4256 vortices
417 4176 523 4266 suos,
549 4167 673 4280 [quos
700 4179 760 4254 ille
789 4178 873 4276 ideo
894 4191 1035 4253 tantum
1057 4172 1247 4272 explodit,
1275 4174 1371 4279 quasr
1389 4181 1562 4259 nimirum

43 4285 55 4307 ’“
181 4295 430 4393 phoenomenis
454 4319 531 4370 non
556 4294 847 4390 responderent]
879 4294 923 4372 ab
952 4293 1103 4389 impasta
1136 4293 1414 4394 incongruentia
1446 4296 1564 4370 vindi·

141 4407 149 4416 ”
183 4437 264 4492 care
291 4411 418 4487 ‘velint
453 4408 536 4512 Pag.
569 4433 666 4506 422.
698 4407 853 4492 Videtur
875 4410 939 4496 hic
959 4412 1079 4488 minus
1103 4413 1194 4491 resse
1222 4412 1377 4513 supponi
1404 4413 1564 4491 canalem

277 4519 376 4604 Tam.
408 4519 464 4604 ll.
520 4557 525 4564 ·
983 4525 1057 4620 Hh
1199 4625 1202 4630 Ι
1449 4525 1567 4630 cylin-
