4200 5564
544 399 613 514 ιιι
739 411 1813 516 commerciomriirrotrcbrr.

368 629 475 704 ¹704
541 579 670 662 dorum
692 571 1071 665 &Adranodorum
1099 585 1143 650 ut
1152 547 1282 658 vocat,
1301 568 1430 649 scheda
1458 569 1831 670 continetui,alicujus
1849 565 1950 648 moi}

240 745 242 752 =
262 749 265 754 -
365 703 524 786 Deoemb.
542 701 658 780 menti
676 697 714 775 dc
727 709 855 774 notatu
867 693 1042 794 dignum,
1065 691 1103 768 id
1123 687 1268 792 sibiipsi
1287 743 1298 774 ,
1319 690 1457 789 reliqua
1473 712 1560 765 vero
1578 687 1708 765 nullius
1735 692 1940 776 momenti,

545 818 671 898 deberi
683 817 804 892 amicis
819 799 912 910 suis,
925 810 1056 914 quibus
1069 808 1254 910 speciatim
1266 796 1460 905 sphalmata
1478 799 1619 884 tantum
1633 804 1813 884 calculi&
1844 806 1951 902 preli

549 937 734 1016 observata
746 932 893 1018 tribuit,
911 951 995 1007 cum
1008 947 1130 1006 umen
1150 948 1279 1002 omnes
1295 923 1388 1001 illius
1402 923 1542 1001 schedae
1564 923 1836 1001 additiones&
1855 923 1948 1003 Ob-

552 1050 794 1140 servationas,
830 1041 1075 1146 cujuscunque
1098 1045 1279 1124 momenti
1304 1037 1399 1131 bnt,
1429 1039 1643 1144 paucissimis
1671 1045 1861 1144 exceptis,
1890 1068 1947 1122 ex

555 1165 932 1253 Animadversionibus
948 1166 1036 1239 meis
1051 1163 1267 1256 verbotenus
1278 1158 1350 1237 fere
1370 1160 1609 1260 excerpserit3
1630 1157 1674 1236 de
1691 1161 1754 1238 suo
1781 1185 1867 1238 vero
1886 1165 1950 1239 ni-

556 1290 611 1368 llil
621 1289 677 1364 vel
692 1306 818 1386 parum
841 1281 1040 1375 addiderit3
1058 1293 1098 1356 ut
1113 1277 1201 1356 Tibi
1219 1277 1323 1356 facile
1338 1279 1535 1368 constabit,
1565 1302 1623 1356 eas
1647 1301 1731 1356 cum
1753 1279 1949 1358 Addendis

556 1407 629 1484 illis
650 1401 862 1481 conserendi
875 1400 1061 1500 quondam
1079 1395 1312 1475 occasionem
1326 1396 1505 1475 habituro.
1522 1393 1620 1497 Ergo
1634 1397 1864 1476 tandeinhoc
1879 1424 1952 1480 me
2087 1385 2088 1394 Ν

555 1521 701 1601 honore
712 1519 876 1598 mactavit
888 1517 956 1595 Ori
969 1541 989 1594 a
1002 1539 1063 1592 vu
1077 1539 1141 1591 reu
1154 1541 1169 1592 s
1182 1529 1222 1592 ut
1233 1539 1305 1604 ine,
1319 1513 1383 1592 sub
1397 1515 1505 1594 titulo
1521 1519 1640 1605 amici,
1654 1515 1856 1592 traducerer
1870 1539 1952 1618 pro

556 1653 712 1742 tyrone,
739 1637 840 1714 suum
864 1659 951 1714 vero
970 1635 1130 1736 plagium
1157 1636 1193 1708 in
1218 1656 1276 1708 ma
1305 1631 1535 1717 commissum
1556 1635 1701 1714 celaret.
1742 1633 1800 1716 Ne
1818 1651 1952 1718 tamen

559 1757 774 1860 popularem
790 1755 893 1830 suum
913 1753 944 1832 C
958 1778 981 1830 a
995 1777 1016 1830 i
1030 1779 1040 1828 ι
1053 1777 1079 1827 o
1095 1773 1106 1829 ι
1120 1775 1143 1830 u
1155 1776 1185 1826 ιι
1199 1809 1207 1835 ,
1228 1774 1336 1852 quem
1352 1754 1448 1829 inter
1462 1754 1599 1833 amicos
1613 1753 1693 1832 suos
1710 1775 1859 1833 mecum
1875 1783 1953 1837 no·

559 1878 696 1962 minat,
716 1894 859 1950 mecum
870 1873 1024 1946 etiam'in
1046 1888 1218 1969 tyronum
1235 1865 1372 1945 classem
1388 1869 1518 1947 referre
1534 1871 1713 1949 videretur
1724 1897 1736 1968 3
1747 1897 1798 1950 co
1815 1873 1958 1954 huma-·

518 2021 521 2028 ·
559 1996 681 2069 nitatis
704 2015 787 2089 erga
814 1989 931 2089 ipsum
949 1987 1153 2074 descendit,
1174 2001 1215 2064 ut
1234 1984 1297 2087 ipsi
1312 1987 1485 2065 tribueret
1497 1999 1630 2066 certam
1648 1989 1806 2092 aliquam
1836 2001 1958 2093 regu«.

559 2109 632 2186 lam
645 2107 850 2206 integrandi
863 2104 1135 2182 differentialern
1155 2103 1442 2191 binominalein,
1460 2125 1540 2205 quae
1556 2119 1675 2183 tamen
1693 2111 1801 2185 etiam
1820 2131 1866 2188 ex
1892 2117 1955 2188 iri·
2016 2123 2030 2134 ‘

558 2236 666 2324 tegro
681 2225 774 2300 milii.
790 2224 962 2309 debetur,
978 2239 1043 2300 ut·
1058 2235 1147 2321 pote·
1167 2221 1213 2299 de
1230 2221 1342 2297 verbo
1367 2223 1576 2300 adverbum
1592 2248 1638 2300 ex
1657 2225 1950 2308 Animadversio-

417 2441 422 2452 ἢ
467 2330 470 2338 ’
558 2345 667 2444 nibus
686 2345 777 2419 nieis
797 2341 991 2442 desumpta.
1021 2337 1143 2418 Credo
1161 2337 1230 2418 Cir
1244 2361 1265 2414 a
1280 2331 1424 2416 vanu
1441 2361 1472 2414 nr
1498 2337 1598 2416 fuisse
1624 2357 1745 2420 mente
1766 2339 1913 2444 captum
1935 2405 1956 2436 „

560 2475 647 2538 cum
659 2458 877 2536 schediasma
897 2456 1019 2545 suum,
1050 2458 1088 2532 in
1106 2478 1184 2558 quo
1195 2455 1316 2532 multis
1330 2455 1422 2534 adeo
1441 2457 1560 2534 modis
1574 2481 1634 2534 me
1658 2459 1814 2537 offendit
1831 2463 1876 2542 ad
1888 2488 1955 2540 me

560 2579 705 2653 mittere
722 2578 760 2651 in
778 2577 940 2652 animum
953 2571 1017 2650 sibi
1032 2571 1229 2651 induceret
1252 2569 1293 2650 Ei
1308 2596 1423 2674 nuper
1436 2573 1626 2674 respondi:
1641 2601 1715 2678 quo
1739 2579 1832 2676 sivlo
1866 2581 1954 2658 usus

562 2693 694 2771 fuerim
720 2692 824 2770 facile
849 2689 1134 2790 conjetlurabis:
1168 2703 1265 2768 certe
1302 2713 1380 2767 non
1413 2689 1587 2789 habebit,
1610 2716 1686 2792 quo
1716 2697 1875 2775 multum
1902 2698 1954 2776 de

562 2806 723 2910 Epistola
748 2833 826 2885 mea
849 2809 1051 2906 glorietur,
1079 2809 1140 2918 uti¹
1160 2805 1312 2884 fortassis
1345 2806 1391 2882 de
1419 2808 1704 2908 praecedentibus
1731 2817 1823 2891 meis
1849 2815 1946 2894 fecit.

514 2928 518 2936 ’
563 2921 644 3028 Jam
669 2923 918 3025 proculdubio
950 2922 1045 2998 nosti
1073 2921 1175 3022 quod
1207 2919 1262 2999 Cl.
1294 2919 1516 3002 Moivurt
1531 2935 1590 3004 us
1609 2926 1780 3030 lingulati
1805 2929 1956 3010 Libello

564 3033 640 3148 (ι)
661 3041 870 3134 refutaverit
885 3039 1103 3146 Curium
1117 3061 1184 3114 vnr
1199 3062 1207 3113 :
1224 3038 1484 3154 refutationem
1500 3057 1651 3144 uterque
1683 3047 1728 3124 ad
1752 3049 1919 3126 memisit
1939 3075 1955 3144 3
2007 3134 2011 3144 ,

565 3159 627 3235 liic
639 3172 682 3236 ut
698 3181 744 3234 ex
763 3183 822 3236 me
841 3157 1062 3261 intelligeret
1076 3177 1194 3231 meam
1207 3153 1252 3231 de
1268 3179 1307 3231 ea
1325 3154 1561 3248 sententiam,
1591 3161 1652 3238 sed
1683 3159 1793 3264 quam
1824 3181 1957 3246 rotun=

567 3275 613 3354 de
633 3275 810 3373 denegavi
824 3279 914 3352 meis
935 3288 1010 3352 tani
1029 3271 1123 3350 male
1150 3274 1267 3349 utenti
1279 3297 1293 3368 3·
1317 3273 1398 3364 ille,
1412 3288 1453 3352 ut
1480 3279 1698 3368 amicitiam,
1717 3287 1846 3381 nteit,
1875 3281 1957 3361 me-

570 3415 656 3496 cum
691 3394 799 3470 iniret
822 3451 833 3482 ,
856 3395 894 3469 &
930 3395 1093 3470 rationes·
1116 3388 1193 3466 suas
1212 3389 1393 3468 refutandi
1434 3411 1634 3492 exponeret
1659 3421 1667 3473 :
1699 3402 1953 3479 animadverto

568 3507 824 3590 Morv‘aui
863 3506 1049 3586 Libellum
1074 3503 1244 3583 nonnihil
1265 3509 1390 3587 acerbe
1424 3509 1620 3610 scriptum,
1649 3515 1687 3590 iii
1722 3541 1799 3619 quo
1829 3533 1953 3596 tamen

568 3630 683 3706 multa
702 3625 900 3726 solide&
916 3625 1022 3705 dode
1059 3621 1195 3720 objecit
1222 3623 1489 3704 Cuavevrco
1511 3652 1520 3704 τ
1546 3631 1718 3723 interim,
1747 3650 1789 3714 ut
1824 3659 1954 3715 verum

568 3743 700 3834 fatear,
729 3743 1034 3846 quaedam'ttiam
1055 3743 1199 3818 incaute
1225 3741 1375 3841 carpsit,
1407 3744 1445 3818 dr
1471 3747 1657 3826 nonnullis
1682 3752 1720 3826 in
1747 3753 1838 3832 locis
1859 3778 1955 3832 erra·

569 3865 622 3936 vit
642 3860 718 3962 'ipse
727 3887 740 3956 3
759 3865 797 3940 id
811 3861 916 3965 ,quod
947 3865 986 3937 in
1017 3883 1154 3959 nupera
1182 3879 1263 3934 mea
1290 3857 1521 3960 responsione
1547 3888 1625 3942 noia
1646 3867 1882 3964 dislimulavi,
1913 3885 1960 3953 ut

570 3977 708 4052 videret
734 4004 792 4056 me
815 3982 946 4081 cuique
980 3980 1084 4056 suuni
1113 3976 1285 4053 tribuere.
1331 3977 1480 4078 Captavi
1504 3995 1592 4062 tunc
1618 3983 1846 4067 occasionem
1875 4015 1957 4069 nar-

571 4093 674 4169 iandi
699 4091 788 4192 ipsi,
818 4099 948 4198 quibus
971 4099 1108 4175 artibus
1141 4116 1226 4192 erga
1256 4095 1405 4172 meuses
1434 4094 1477 4173 sit
1507 4098 1816 4186 Coeranus.
1850 4107 1958 4204 Quid

571 4231 670 4289 nunc
700 4224 851 4316 uterque
872 4215 917 4291 ad
940 4211 1188 4317 responsiones
1209 4232 1308 4292 meas
1329 4211 1564 4315 replicaturus
1591 4215 1662 4310 sit,
1685 4237 1828 4328 tempus
1844 4227 1959 4306 doce-

1888 4346 1954 4422 bit.

493 4623 495 4628 ,
571 4543 581 4558 ’
629 4511 1016 4644 (1)Animadverlloiies
1048 4541 1083 4614 iii
1112 4537 1192 4619 Dni.
1226 4542 1461 4629 capim
1495 4543 1687 4628 Timarum·
1717 4555 1758 4628 de
1794 4551 1971 4654 Methodo'

570 4645 776 4726 Iluxiouum
786 4639 921 4720 inversa
938 4639 1044 4718 Loud.
1062 4660 1170 4738 1704·
1187 4647 1235 4728 8⁰,
1352 4741 1355 4746 Ι
1665 4695 1668 4701 ,
