<?xml version="1.0" encoding="UTF-8"?>
<!DOCTYPE html PUBLIC "-//W3C//DTD XHTML 1.0 Transitional//EN"
    "http://www.w3.org/TR/xhtml1/DTD/xhtml1-transitional.dtd">
<html xmlns="http://www.w3.org/1999/xhtml" xml:lang="en" lang="en">
 <head>
  <title>
</title>
<meta http-equiv="Content-Type" content="text/html;charset=utf-8" />
  <meta name='ocr-system' content='tesseract 3.04.00' />
  <meta name='ocr-capabilities' content='ocr_page ocr_carea ocr_par ocr_line ocrx_word'/>
</head>
<body>
  <div class='ocr_page' id='page_1' title='image "./virorumceleberr01bousgoog_0241.png"; bbox 0 0 4134 5554; ppageno 0'>
   <div class='ocr_carea' id='block_1_1' title="bbox 374 390 1952 2008">
    <p class='ocr_par' dir='ltr' id='par_1_1' title="bbox 555 390 1845 483">
     <span class='ocr_line' id='line_1_1' title="bbox 555 390 1845 483; baseline -0.004 -16"><span class='ocrx_word' id='word_1_1' title='bbox 555 398 628 476; x_wconf 82' lang='lat'><strong>218</strong></span> <span class='ocrx_word' id='word_1_2' title='bbox 692 393 1227 483; x_wconf 70' lang='lat' dir='ltr'><strong>tuMMu-Rcrunt</strong></span> <span class='ocrx_word' id='word_1_3' title='bbox 1278 390 1845 464; x_wconf 77' lang='lat' dir='ltr'><strong>EPISYOLICUM.</strong></span> 
     </span>
    </p>

    <p class='ocr_par' dir='ltr' id='par_1_2' title="bbox 379 515 1950 638">
     <span class='ocr_line' id='line_1_2' title="bbox 379 515 1950 638; baseline -0.004 -36"><span class='ocrx_word' id='word_1_4' title='bbox 379 563 484 638; x_wconf 66' lang='lat'>1709,</span> <span class='ocrx_word' id='word_1_5' title='bbox 552 536 674 602; x_wconf 70' lang='lat' dir='ltr'><strong>turvae</strong></span> <span class='ocrx_word' id='word_1_6' title='bbox 700 519 924 616; x_wconf 86' lang='lat' dir='ltr'><strong>multigibbae</strong></span> <span class='ocrx_word' id='word_1_7' title='bbox 964 515 1168 620; x_wconf 79' lang='lat' dir='ltr'><strong>Ellipticem</strong></span> <span class='ocrx_word' id='word_1_8' title='bbox 1204 519 1446 622; x_wconf 81' lang='lat' dir='ltr'><strong>peripheriem</strong></span> <span class='ocrx_word' id='word_1_9' title='bbox 1476 518 1670 619; x_wconf 80' lang='lat' dir='ltr'><strong>aequnnti,</strong></span> <span class='ocrx_word' id='word_1_10' title='bbox 1714 517 1829 617; x_wconf 82' lang='lat' dir='ltr'><strong>duplo</strong></span> <span class='ocrx_word' id='word_1_11' title='bbox 1863 519 1950 619; x_wconf 87' lang='lat' dir='ltr'><strong>plu-</strong></span> 
     </span>
    </p>

    <p class='ocr_par' dir='ltr' id='par_1_3' title="bbox 374 631 1952 2008">
     <span class='ocr_line' id='line_1_3' title="bbox 374 631 1951 740; baseline -0.001 -31"><span class='ocrx_word' id='word_1_12' title='bbox 374 637 480 740; x_wconf 61' lang='lat' dir='ltr'><strong>it&#39;prin</strong></span> <span class='ocrx_word' id='word_1_13' title='bbox 550 635 646 713; x_wconf 87' lang='lat' dir='ltr'><strong>rium</strong></span> <span class='ocrx_word' id='word_1_14' title='bbox 673 635 840 712; x_wconf 86' lang='lat' dir='ltr'><strong>existenti</strong></span> <span class='ocrx_word' id='word_1_15' title='bbox 861 636 1062 734; x_wconf 83' lang='lat' dir='ltr'>gibborum</span> <span class='ocrx_word' id='word_1_16' title='bbox 1091 658 1202 738; x_wconf 84' lang='lat' dir='ltr'><strong>quam</strong></span> <span class='ocrx_word' id='word_1_17' title='bbox 1228 638 1279 715; x_wconf 87' lang='lat' dir='ltr'><strong>est</strong></span> <span class='ocrx_word' id='word_1_18' title='bbox 1304 659 1477 716; x_wconf 87' lang='lat' dir='ltr'><strong>numerus</strong></span> <span class='ocrx_word' id='word_1_19' title='bbox 1505 632 1735 712; x_wconf 83' lang='lat' dir='ltr'><strong>divifionum.</strong></span> <span class='ocrx_word' id='word_1_20' title='bbox 1781 632 1892 710; x_wconf 88' lang='lat' dir='ltr'><strong>Unde</strong></span> <span class='ocrx_word' id='word_1_21' title='bbox 1920 631 1951 708; x_wconf 85' lang='lat' dir='ltr'>fi</span> 
     </span>
     <span class='ocr_line' id='line_1_4' title="bbox 551 747 1949 852; baseline 0.004 -28"><span class='ocrx_word' id='word_1_22' title='bbox 551 747 590 824; x_wconf 92' lang='lat' dir='ltr'><strong>in</strong></span> <span class='ocrx_word' id='word_1_23' title='bbox 621 764 642 840; x_wconf 82' lang='lat'>8</span> <span class='ocrx_word' id='word_1_24' title='bbox 685 766 803 852; x_wconf 82' lang='lat' dir='ltr'><strong>partes</strong></span> <span class='ocrx_word' id='word_1_25' title='bbox 828 752 1008 832; x_wconf 78' lang='lat' dir='ltr'>dividatur</span> <span class='ocrx_word' id='word_1_26' title='bbox 1034 752 1323 832; x_wconf 82' lang='lat' dir='ltr'>circumferentia</span> <span class='ocrx_word' id='word_1_27' title='bbox 1350 753 1429 850; x_wconf 89' lang='lat' dir='ltr'><strong>A4</strong></span> <span class='ocrx_word' id='word_1_28' title='bbox 1460 751 1513 848; x_wconf 83' lang='grc' dir='ltr'><strong>Β,</strong></span> <span class='ocrx_word' id='word_1_29' title='bbox 1539 763 1646 828; x_wconf 85' lang='lat' dir='ltr'><strong>erunt</strong></span> <span class='ocrx_word' id='word_1_30' title='bbox 1665 749 1710 828; x_wconf 90' lang='lat' dir='ltr'><strong>M</strong></span> <span class='ocrx_word' id='word_1_31' title='bbox 1736 751 1772 828; x_wconf 85' lang='lat'>&amp;</span> <span class='ocrx_word' id='word_1_32' title='bbox 1798 749 1837 828; x_wconf 93' lang='lat' dir='ltr'>N</span> <span class='ocrx_word' id='word_1_33' title='bbox 1865 751 1949 830; x_wconf 85' lang='lat' dir='ltr'><strong>duo</strong></span> 
     </span>
     <span class='ocr_line' id='line_1_5' title="bbox 549 865 1952 971; baseline 0.001 -27"><span class='ocrx_word' id='word_1_34' title='bbox 549 865 642 944; x_wconf 85' lang='lat' dir='ltr'><strong>radii</strong></span> <span class='ocrx_word' id='word_1_35' title='bbox 663 867 823 949; x_wconf 85' lang='lat' dir='ltr'><strong>duorum</strong></span> <span class='ocrx_word' id='word_1_36' title='bbox 844 872 1067 971; x_wconf 86' lang='lat' dir='ltr'><strong>circulorum</strong></span> <span class='ocrx_word' id='word_1_37' title='bbox 1098 869 1358 970; x_wconf 85' lang='lat' dir='ltr'><strong>circumscripti</strong></span> <span class='ocrx_word' id='word_1_38' title='bbox 1402 871 1440 946; x_wconf 89' lang='lat'>&amp;</span> <span class='ocrx_word' id='word_1_39' title='bbox 1475 867 1638 968; x_wconf 87' lang='lat' dir='ltr'><strong>inscripti</strong></span> <span class='ocrx_word' id='word_1_40' title='bbox 1666 890 1782 948; x_wconf 83' lang='lat' dir='ltr'><strong>curvae</strong></span> <span class='ocrx_word' id='word_1_41' title='bbox 1808 867 1952 946; x_wconf 81' lang='lat' dir='ltr'><strong>sedeci·</strong></span> 
     </span>
     <span class='ocr_line' id='line_1_6' title="bbox 550 983 1950 1088; baseline 0.001 -28"><span class='ocrx_word' id='word_1_42' title='bbox 550 985 693 1082; x_wconf 85' lang='lat' dir='ltr'><strong>gibbae,</strong></span> <span class='ocrx_word' id='word_1_43' title='bbox 721 1007 800 1088; x_wconf 85' lang='lat' dir='ltr'><strong>quae</strong></span> <span class='ocrx_word' id='word_1_44' title='bbox 840 985 884 1064; x_wconf 87' lang='lat' dir='ltr'><strong>fit</strong></span> <span class='ocrx_word' id='word_1_45' title='bbox 916 985 1052 1087; x_wconf 79' lang='lat' dir='ltr'><strong>Ellypfi</strong></span> <span class='ocrx_word' id='word_1_46' title='bbox 1077 985 1238 1088; x_wconf 81' lang='lat' dir='ltr'><strong>aequalir.</strong></span> <span class='ocrx_word' id='word_1_47' title='bbox 1284 983 1344 1065; x_wconf 87' lang='lat' dir='ltr'><strong>Est</strong></span> <span class='ocrx_word' id='word_1_48' title='bbox 1374 1009 1490 1074; x_wconf 85' lang='lat' dir='ltr'><strong>vero,</strong></span> <span class='ocrx_word' id='word_1_49' title='bbox 1522 997 1565 1062; x_wconf 93' lang='lat' dir='ltr'><strong>ut</strong></span> <span class='ocrx_word' id='word_1_50' title='bbox 1594 985 1754 1064; x_wconf 81' lang='lat' dir='ltr'><strong>calculus</strong></span> <span class='ocrx_word' id='word_1_51' title='bbox 1778 1007 1840 1062; x_wconf 89' lang='lat' dir='ltr'><strong>me</strong></span> <span class='ocrx_word' id='word_1_52' title='bbox 1874 983 1950 1062; x_wconf 87' lang='lat' dir='ltr'><strong>do·</strong></span> 
     </span>
     <span class='ocr_line' id='line_1_7' title="bbox 550 1103 1943 1206; baseline 0 -26"><span class='ocrx_word' id='word_1_53' title='bbox 550 1103 650 1191; x_wconf 87' lang='lat' dir='ltr'><strong>cuit,</strong></span> <span class='ocrx_word' id='word_1_54' title='bbox 675 1103 722 1185; x_wconf 88' lang='lat' dir='ltr'><strong>M</strong></span> <span class='ocrx_word' id='word_1_55' title='bbox 746 1104 793 1182; x_wconf 79' lang='lat' dir='ltr'><strong>ad</strong></span> <span class='ocrx_word' id='word_1_56' title='bbox 811 1104 851 1183; x_wconf 93' lang='lat' dir='ltr'>N</span> <span class='ocrx_word' id='word_1_57' title='bbox 878 1106 917 1182; x_wconf 90' lang='lat' dir='ltr'><strong>iu</strong></span> <span class='ocrx_word' id='word_1_58' title='bbox 940 1107 1079 1183; x_wconf 88' lang='lat' dir='ltr'><strong>minori</strong></span> <span class='ocrx_word' id='word_1_59' title='bbox 1100 1105 1242 1182; x_wconf 79' lang='lat' dir='ltr'><strong>ratione</strong></span> <span class='ocrx_word' id='word_1_60' title='bbox 1268 1127 1377 1206; x_wconf 85' lang='lat' dir='ltr'><strong>quam</strong></span> <span class='ocrx_word' id='word_1_61' title='bbox 1410 1119 1608 1182; x_wconf 87' lang='lat'>6000001</span> <span class='ocrx_word' id='word_1_62' title='bbox 1642 1103 1688 1181; x_wconf 77' lang='lat' dir='ltr'><strong>ad</strong></span> <span class='ocrx_word' id='word_1_63' title='bbox 1709 1115 1943 1192; x_wconf 80' lang='lat'>6000000.</span> 
     </span>
     <span class='ocr_line' id='line_1_8' title="bbox 548 1217 1942 1321; baseline -0.001 -23"><span class='ocrx_word' id='word_1_64' title='bbox 548 1217 600 1298; x_wconf 80' lang='lat' dir='ltr'><strong>ita</strong></span> <span class='ocrx_word' id='word_1_65' title='bbox 623 1232 665 1298; x_wconf 89' lang='lat' dir='ltr'><strong>ut</strong></span> <span class='ocrx_word' id='word_1_66' title='bbox 694 1225 768 1320; x_wconf 84' lang='lat' dir='ltr'><strong>jam</strong></span> <span class='ocrx_word' id='word_1_67' title='bbox 796 1218 936 1321; x_wconf 74' lang='lat' dir='ltr'><strong>Emptis</strong></span> <span class='ocrx_word' id='word_1_68' title='bbox 959 1221 1117 1300; x_wconf 79' lang='lat' dir='ltr'>versetur</span> <span class='ocrx_word' id='word_1_69' title='bbox 1149 1222 1244 1298; x_wconf 83' lang='lat' dir='ltr'><strong>inter</strong></span> <span class='ocrx_word' id='word_1_70' title='bbox 1273 1221 1361 1302; x_wconf 82' lang='lat' dir='ltr'><strong>duas</strong></span> <span class='ocrx_word' id='word_1_71' title='bbox 1390 1220 1697 1302; x_wconf 79' lang='lat' dir='ltr'><strong>circumferentias</strong></span> <span class='ocrx_word' id='word_1_72' title='bbox 1726 1218 1942 1309; x_wconf 78' lang='lat' dir='ltr'><strong>circulares,</strong></span> 
     </span>
     <span class='ocr_line' id='line_1_9' title="bbox 550 1327 1948 1438; baseline -0.001 -22"><span class='ocrx_word' id='word_1_73' title='bbox 550 1357 633 1437; x_wconf 83' lang='lat' dir='ltr'><strong>quae</strong></span> <span class='ocrx_word' id='word_1_74' title='bbox 655 1339 751 1416; x_wconf 88' lang='lat' dir='ltr'><strong>iuter</strong></span> <span class='ocrx_word' id='word_1_75' title='bbox 780 1337 814 1416; x_wconf 87' lang='lat' dir='ltr'><strong>se</strong></span> <span class='ocrx_word' id='word_1_76' title='bbox 842 1361 924 1416; x_wconf 85' lang='lat' dir='ltr'><strong>nou</strong></span> <span class='ocrx_word' id='word_1_77' title='bbox 950 1327 1116 1418; x_wconf 77' lang='lat' dir='ltr'><strong>diffcrunt</strong></span> <span class='ocrx_word' id='word_1_78' title='bbox 1145 1337 1287 1417; x_wconf 83' lang='lat' dir='ltr'><strong>sexies·</strong></span> <span class='ocrx_word' id='word_1_79' title='bbox 1301 1336 1553 1418; x_wconf 78' lang='lat' dir='ltr'><strong>milliuncfimu</strong></span> <span class='ocrx_word' id='word_1_80' title='bbox 1582 1336 1637 1417; x_wconf 84' lang='lat' dir='ltr'><strong>sui</strong></span> <span class='ocrx_word' id='word_1_81' title='bbox 1661 1347 1781 1438; x_wconf 81' lang='lat' dir='ltr'><strong>parte:</strong></span> <span class='ocrx_word' id='word_1_82' title='bbox 1801 1333 1948 1416; x_wconf 76' lang='lat' dir='ltr'><strong>intelli·-</strong></span> 
     </span>
     <span class='ocr_line' id='line_1_10' title="bbox 546 1451 1949 1557; baseline -0.001 -25"><span class='ocrx_word' id='word_1_83' title='bbox 546 1475 599 1553; x_wconf 84' lang='lat' dir='ltr'><strong>ge</strong></span> <span class='ocrx_word' id='word_1_84' title='bbox 640 1453 717 1538; x_wconf 88' lang='lat' dir='ltr'><strong>hoc</strong></span> <span class='ocrx_word' id='word_1_85' title='bbox 740 1454 788 1534; x_wconf 87' lang='lat' dir='ltr'><strong>de</strong></span> <span class='ocrx_word' id='word_1_86' title='bbox 818 1451 966 1557; x_wconf 69' lang='lat' dir='ltr'><strong>turpi,</strong></span> <span class='ocrx_word' id='word_1_87' title='bbox 991 1459 1094 1554; x_wconf 63' lang='lat' dir='ltr'><strong>cuim</strong></span> <span class='ocrx_word' id='word_1_88' title='bbox 1133 1477 1218 1533; x_wconf 68' lang='lat' dir='ltr'><strong>axes</strong></span> <span class='ocrx_word' id='word_1_89' title='bbox 1247 1459 1341 1536; x_wconf 86' lang='lat' dir='ltr'><strong>inter</strong></span> <span class='ocrx_word' id='word_1_90' title='bbox 1374 1454 1516 1535; x_wconf 75' lang='lat' dir='ltr'><strong>{esunt</strong></span> <span class='ocrx_word' id='word_1_91' title='bbox 1534 1468 1581 1532; x_wconf 85' lang='lat' dir='ltr'><strong>ut</strong></span> <span class='ocrx_word' id='word_1_92' title='bbox 1605 1476 1624 1550; x_wconf 76' lang='grc' dir='ltr'><strong>ς</strong></span> <span class='ocrx_word' id='word_1_93' title='bbox 1647 1454 1694 1532; x_wconf 82' lang='lat' dir='ltr'><strong>ad</strong></span> <span class='ocrx_word' id='word_1_94' title='bbox 1716 1477 1757 1550; x_wconf 91' lang='lat'><strong>4.</strong></span> <span class='ocrx_word' id='word_1_95' title='bbox 1792 1451 1862 1532; x_wconf 86' lang='lat' dir='ltr'><strong>P&#39;er</strong></span> <span class='ocrx_word' id='word_1_96' title='bbox 1888 1453 1949 1530; x_wconf 85' lang='lat' dir='ltr'><strong>di·</strong></span> 
     </span>
     <span class='ocr_line' id='line_1_11' title="bbox 548 1562 1949 1666; baseline -0.002 -16"><span class='ocrx_word' id='word_1_97' title='bbox 548 1562 714 1662; x_wconf 69' lang='lat' dir='ltr'><strong>nunonis,</strong></span> <span class='ocrx_word' id='word_1_98' title='bbox 739 1570 799 1650; x_wconf 83' lang='lat' dir='ltr'><strong>seu</strong></span> <span class='ocrx_word' id='word_1_99' title='bbox 821 1571 1022 1652; x_wconf 76' lang='lat' dir='ltr'><strong>bisetiiouir</strong></span> <span class='ocrx_word' id='word_1_100' title='bbox 1048 1575 1392 1666; x_wconf 84' lang='lat' dir='ltr'><strong>continuationem,</strong></span> <span class='ocrx_word' id='word_1_101' title='bbox 1416 1575 1645 1654; x_wconf 78' lang='lat' dir='ltr'><strong>invenientur</strong></span> <span class='ocrx_word' id='word_1_102' title='bbox 1666 1569 1799 1650; x_wconf 68' lang='lat' dir='ltr'><strong>imiter</strong></span> <span class='ocrx_word' id='word_1_103' title='bbox 1821 1593 1843 1646; x_wconf 85' lang='lat' dir='ltr'><strong>e</strong></span> <span class='ocrx_word' id='word_1_104' title='bbox 1866 1570 1949 1648; x_wconf 81' lang='lat' dir='ltr'><strong>vei·</strong></span> 
     </span>
     <span class='ocr_line' id='line_1_12' title="bbox 548 1685 1949 1793; baseline -0.004 -25"><span class='ocrx_word' id='word_1_105' title='bbox 548 1689 677 1787; x_wconf 81' lang='lat' dir='ltr'><strong>tigiu,</strong></span> <span class='ocrx_word' id='word_1_106' title='bbox 706 1691 1037 1793; x_wconf 74' lang='lat' dir='ltr'><strong>incomparabiliter</strong></span> <span class='ocrx_word' id='word_1_107' title='bbox 1065 1691 1363 1792; x_wconf 65' lang='lat' dir='ltr'><strong>propinquiores.</strong></span> <span class='ocrx_word' id='word_1_108' title='bbox 1397 1687 1490 1772; x_wconf 81' lang='lat' dir='ltr'><strong>Sunt</strong></span> <span class='ocrx_word' id='word_1_109' title='bbox 1516 1691 1636 1786; x_wconf 88' lang='lat' dir='ltr'><strong>enim,</strong></span> <span class='ocrx_word' id='word_1_110' title='bbox 1659 1685 1763 1767; x_wconf 84' lang='lat' dir='ltr'><strong>iicuri</strong></span> <span class='ocrx_word' id='word_1_111' title='bbox 1787 1690 1830 1764; x_wconf 86' lang='lat' dir='ltr'><strong>in</strong></span> <span class='ocrx_word' id='word_1_112' title='bbox 1850 1711 1949 1788; x_wconf 72' lang='lat' dir='ltr'><strong>pm</strong></span> 
     </span>
     <span class='ocr_line' id='line_1_13' title="bbox 549 1803 1949 1912; baseline 0 -30"><span class='ocrx_word' id='word_1_113' title='bbox 549 1805 761 1885; x_wconf 82' lang='lat' dir='ltr'><strong>cedentibus</strong></span> <span class='ocrx_word' id='word_1_114' title='bbox 786 1807 947 1898; x_wconf 66' lang='lat' dir='ltr'><strong>oiuudi,</strong></span> <span class='ocrx_word' id='word_1_115' title='bbox 979 1807 1167 1888; x_wconf 85' lang='lat' dir='ltr'><strong>celerrime</strong></span> <span class='ocrx_word' id='word_1_116' title='bbox 1196 1821 1475 1912; x_wconf 69' lang='lat' dir='ltr'><strong>coniugentes.</strong></span> <span class='ocrx_word' id='word_1_117' title='bbox 1529 1805 1610 1889; x_wconf 73' lang='lat' dir='ltr'><strong>uua</strong></span> <span class='ocrx_word' id='word_1_118' title='bbox 1645 1803 1871 1887; x_wconf 68' lang='lat' dir='ltr'><strong>munitiora</strong></span> <span class='ocrx_word' id='word_1_119' title='bbox 1904 1804 1949 1882; x_wconf 84' lang='lat' dir='ltr'><strong>iu</strong></span> 
     </span>
     <span class='ocr_line' id='line_1_14' title="bbox 549 1919 1078 2008; baseline -0.006 -1"><span class='ocrx_word' id='word_1_120' title='bbox 549 1919 658 2006; x_wconf 80' lang='lat' dir='ltr'><strong>uiam</strong></span> <span class='ocrx_word' id='word_1_121' title='bbox 684 1921 914 2008; x_wconf 75' lang='lat' dir='ltr'><strong>occtfiouem</strong></span> <span class='ocrx_word' id='word_1_122' title='bbox 942 1925 1078 2006; x_wconf 79' lang='lat' dir='ltr'><strong>refero.</strong></span> 
     </span>
    </p>
   </div>
   <div class='ocr_carea' id='block_1_2' title="bbox 718 2205 1912 2334">
    <p class='ocr_par' dir='ltr' id='par_1_4' title="bbox 718 2205 1912 2334">
     <span class='ocr_line' id='line_1_15' title="bbox 718 2205 1912 2334; baseline -0.013 -22"><span class='ocrx_word' id='word_1_123' title='bbox 718 2205 946 2332; x_wconf 61' lang='lat' dir='ltr'><strong>Biterddtffi</strong></span> <span class='ocrx_word' id='word_1_124' title='bbox 970 2217 1129 2310; x_wconf 67' lang='lat' dir='ltr'><strong>videtur</strong></span> <span class='ocrx_word' id='word_1_125' title='bbox 1156 2217 1291 2333; x_wconf 75' lang='lat' dir='ltr'><strong>aitqua</strong></span> <span class='ocrx_word' id='word_1_126' title='bbox 1311 2207 1476 2334; x_wconf 74' lang='lat' dir='ltr'><strong>Epistula</strong></span> <span class='ocrx_word' id='word_1_127' title='bbox 1499 2216 1912 2306; x_wconf 64' lang='lat' dir='ltr'><strong>timonium</strong></span> 
     </span>
    </p>
   </div>
   <div class='ocr_carea' id='block_1_3' title="bbox 0 0 2072 5554">
    <p class='ocr_par' dir='ltr' id='par_1_5' title="bbox 0 0 2072 5554">
     <span class='ocr_line' id='line_1_16' title="bbox 0 0 2072 5554; baseline 0 6"><span class='ocrx_word' id='word_1_128' title='bbox 0 0 2072 5554; x_wconf 95' lang='lat' dir='ltr'><strong> </strong></span> 
     </span>
    </p>
   </div>
  </div>
 </body>
</html>
