4288 5564
263 341 1461 437 Luruntttttt'Batnouc‘atr,Errsa.01X.
1512 355 1560 434 27

161 483 352 566 Pttsrdem
396 509 486 564 vero
537 483 738 568 Academiae
777 488 907 572 Duum
953 487 1256 574 Brououruu
1302 497 1404 568 tanto
1451 480 1680 585 hujuattot·
1753 465 1757 474 ’

22 689 23 692 a
162 603 370 709 Phosphori
386 602 565 684 desiderio
581 611 720 697 teneri,
748 621 812 699 ut,
829 608 906 686 stH
918 631 985 687 oar
1000 629 1184 687 nuncto
1200 631 1254 686 res
1274 631 1351 686 non
1372 607 1466 686 bene
1479 605 1556 684 suc-
1569 568 1704 669 μω·
1778 635 1785 646 ·

166 723 295 804 cessura
327 721 433 810 silet,
467 745 524 798 me
541 739 650 824 roget
674 741 715 806 ut
731 725 986 830 Phosphoruna
1012 755 1031 808 a
1055 753 1115 808 me
1138 741 1302 828 paratum
1331 749 1396 828 per
1421 721 1553 808 Curi-b·

164 865 236 920 rem
268 843 461 943 publicum
486 840 533 918 a'd
558 842 795 931 Academiam
828 850 970 924 mittere
995 847 1116 924 velim.
1170 843 1284 922 avite
1307 847 1459 923 iuterim
1489 867 1551 948 ert,

160 959 280 1061 spetlo
323 957 625 1050 Honnrnarr
665 959 895 1052 successum,
937 978 1130 1067 antequam
1171 965 1360 1044 inventum
1393 961 1549 1064 publico

163 1101 444 1159 communicem.
1132 1119 1136 1126 ·

215 1195 297 1274 Imo
323 1197 485 1279 maxims
503 1200 716 1289 mercurius,
744 1197 944 1281 secundum
964 1199 1186 1300 superficiei,
1211 1225 1290 1280 non
1313 1201 1420 1279 molis
1437 1220 1550 1300 quan·

165 1319 312 1402 titatem,
329 1313 457 1407 lucet3
482 1337 567 1392 nam
591 1317 632 1392 in
660 1317 873 1397 Baronretro
894 1321 931 1395 in
960 1318 1165 1399 summitate
1199 1332 1339 1397 tantuna
1370 1317 1550 1398 columne

165 1431 383 1511 mercurialis
417 1431 483 1510 lux
508 1423 998 1632 observatwgenula
1016 1460 1105 1514 vero
1129 1437 1240 1514 vitrea
1259 1439 1438 1540 quantitas
1459 1455 1551 1510 met.

165 1553 251 1629 cnrii
287 1550 379 1628 licet
410 1551 570 1650 exigua,
604 1567 682 1632 tota
730 1579 834 1631 amen
870 1559 985 1654 ignita
1020 1565 1200 1656 appatet3
1236 1556 1413 1656 quoniam
1443 1549 1552 1628 rebe.

166 1669 272 1745 menti
305 1669 505 1766 agitatione
533 1671 571 1746 in
601 1673 721 1773 plures
753 1673 948 1750 multarum
975 1660 1245 1774 superficierum
1273 1687 1390 1774 partes
1420 1668 1554 1768 disper.

164 1789 291 1886 gitur3
325 1789 375 1861 ita
414 1799 456 1862 ut
493 1787 662 1886 quaelibet
701 1790 843 1888 guttula
879 1792 982 1870 suum
1015 1791 1197 1891 peculiare
1228 1789 1354 1867 lumen
1389 1787 1553 1889 prebeat

166 1901 271 1979 Unde
308 1907 420 1982 etiam
444 1904 601 1996 mihiin
633 1921 797 1985 mentem
825 1911 946 1997 venit,
982 1907 1104 2009 polle,
1132 1922 1260 2010 praeter
1289 1903 1556 1993 curiositatem,
1662 1915 1665 1922 “

165 2021 319 2122 aliquam
350 2021 544 2099 utilitatem
581 2049 629 2102 ex
664 2025 739 2103 hoc
770 2029 920 2106 invento
951 2030 1067 2129 capi;
1101 2030 1275 2104 nimirum
1312 2025 1498 2125 cogitati,
1533 2018 1561 2096 ii

166 2138 382 2216 haberentur
412 2137 489 2216 duo
513 2141 590 2219 vasa
615 2146 728 2222 ¹aitrea
762 2145 959 2222 uniformia
994 2147 1032 2221 dt
1064 2145 1231 2234 robusta,
1269 2167 1381 2246 eaque
1407 2142 1561 2240 conjun-

167 2271 336 2357 gerentur
355 2256 402 2338 ad
425 2260 596 2347 vertices,
629 2259 753 2340 resisto
777 2262 999 2342 foraminulo
1030 2264 1374 2344 communicationis
1400 2283 1449 2338 ex
1480 2280 1558 2341 uno

165 2377 201 2451 iu
216 2375 401 2462 alterurn,
420 2377 459 2451 in
489 2377 646 2456 modum
672 2379 862 2478 horologii
885 2382 1059 2469 arenarii,
1090 2382 1152 2460 sed
1179 2381 1266 2458 loco
1291 2403 1404 2463 arenae
1422 2378 1560 2455 immit·
1695 2479 1699 2486 1

168 2491 294 2571 tendus
319 2491 420 2570 soret
445 2499 668 2587 mercurius,
687 2499 735 2574 -&
763 2499 887 2598 postea
918 2511 978 2580 aer
1005 2498 1165 2578 extasis
1194 2497 1411 2588 combinatis
1441 2509 1557 2576 extra-

169 2609 462 2721 hendusqquod
490 2613 684 2713 quomodo
719 2615 918 2694 commode
943 2617 1019 2692 fieri
1041 2615 1149 2714 poffit
1172 2619 1244 2710 jam
1265 2613 1466 2710 perspitio;
1494 2629 1558 2682 co·

170 2729 281 2828 gitari
324 2731 499 2829 inquam,
536 2729 608 2808 tale
634 2730 908 2828 horologium,
943 2734 1053 2806 etiam
1079 2730 1214 2826 nosiu,
1247 2729 1285 2802 in
1317 2722 1475 2800 tenebris
1503 2723 1559 2798 in.

171 2844 295 2926 servire
321 2845 447 2946 posse3
477 2850 613 2924 etenim
642 2845 761 2925 radius
785 2849 956 2926 mercurii
986 2869 1051 2947 per
1072 2829 1248 2923 'sotanren
1276 2839 1465 2920 defluentis
1501 2839 1560 2918 so·

171 2977 222 3040 ret
252 2963 415 3051 lucidus,
447 2987 527 3064 quae
560 2965 626 3042 lux
654 2981 732 3042 noh
759 2963 1041 3054 antecelleret,
1068 2987 1177 3068 quam
1210 2964 1331 3039 onaois
1364 2961 1560 3040 utercuriuc

172 3103 214 3158 tx
238 3081 416 3182 superiori
445 3083 524 3159 vase
547 3084 587 3160 in
609 3082 755 3162 inferius
776 3082 938 3182 delapsus
960 3081 1052 3159 esset.
1095 3081 1202 3160 Loco
1220 3078 1447 3164 vasculorum
1476 3075 1559 3176 pos-

171 3197 243 3276 sent
268 3201 435 3277 adhiberi
460 3201 538 3276 tubi
561 3201 691 3300 longi,
719 3214 762 3278 ut
783 3204 832 3278 ita
856 3223 902 3276 err
932 3185 1165 3298 longitudine
1189 3197 1279 3276 radii
1298 3197 1412 3273 lucidi
1440 3193 1560 3293 paula-

173 3320 236 3394 tim
258 3317 509 3396 descendentis
534 3323 642 3395 etiam
667 3317 740 3417 ipsa
763 3320 903 3399 minuta
927 3320 1045 3394 metiri
1066 3317 1200 3393 liceret.
1249 3313 1470 3414 Huiusmodi
1493 3311 1560 3386 ho·

171 3435 322 3534 tulugiis
356 3437 411 3516 uti
434 3432 576 3535 pollent
596 3437 836 3536 speculatores
861 3435 1101 3532 oddonibus,
1124 3433 1353 3520 excubitores
1370 3429 1557 3511 taciturni,

171 3553 302 3654 aliique
331 3555 370 3630 in
399 3551 676 3652 occasionibus,
715 3553 779 3630 ubi
811 3554 918 3632 sonus
947 3575 1200 3654 campanarum
1243 3550 1302 3629 vel
1332 3547 1448 3629 audiri
1484 3564 1561 3618 non
1682 3549 1689 3555 ’

174 3671 312 3770 potest,
343 3669 402 3748 uel
428 3693 508 3748 nora
535 3671 652 3748 debet.
830 3663 835 3672 ’

226 3787 318 3865 Non
346 3801 438 3890 puto
463 3789 585 3872 lucem
610 3790 833 3866 marinorum
857 3789 1029 3868 flutluum
1057 3804 1252 3891 cognatam
1283 3785 1351 3862 esl'e
1376 3782 1450 3858 luci
1468 3769 1562 3854 mer}

176 3909 260 3984 curii
292 3908 331 3982 in
366 3929 517 3984 vacuo:
559 3931 608 3984 ex
640 3929 725 3984 meo
770 3911 868 3984 enim
896 3909 1104 4009 explicandi
1144 3905 1326 4008 principio
1367 3921 1443 3978 non
1478 3894 1561 3994 ipsas
1628 3939 1634 3946 -

178 4027 344 4102 mercurii
368 4024 549 4125 particulae
582 4025 792 4125 producunt
820 4026 960 4114 lucem,
993 4025 1053 4101 sed
1087 4028 1209 4125 potius
1233 4022 1379 4098 materia
1412 4010 1562 4095 subtilis-
1658 4081 1660 4084 ,

176 4135 256 4217 srma
275 4143 293 4228 ,“
329 4165 409 4242 quae
436 4146 474 4218 in
502 4142 748 4242 angustissimis
782 4145 950 4222 mercurii
981 4143 1121 4242 porulis
1153 4139 1383 4242 hospitatur,
1408 4133 1433 4210 st
1454 4151 1563 4210 excu-

176 4259 261 4333 titur
290 4262 509 4358 agitatione,
537 4285 628 4340 mox
658 4263 767 4338 libera
797 4287 881 4338 cum
913 4258 954 4334 stt
978 4285 998 4336 a
1026 4258 1261 4337 claustrorum
1292 4251 1563 4356 impedimentis

177 4375 403 4454 celerrimum
436 4391 581 4456 motum
607 4381 783 4477 acquirit,
814 4381 851 4452 ἃ
878 4379 927 4453 ita
954 4375 1075 4454 lucem
1107 4379 1298 4472 causatur3
1337 4387 1443 4474 atque
1471 4368 1563 4444 adeo

177 4487 343 4572 stabam
382 4491 596 4574 haberemus
624 4498 804 4600 liquorem
840 4495 951 4575 valde
985 4497 1263 4597 ponderosum,
1298 4496 1400 4598 cujus
1433 4503 1567 4580 neutpe

755 4681 762 4692 .
850 4609 1028 4700 ·Da
1483 4607 1567 4706 port
