4200 5564
524 393 599 482 330
668 355 1216 486 anniferorum
1273 393 1816 467 aratrorrcum

354 567 460 644 1570
524 525 590 610 tris
595 555 674 608 mus
706 531 901 631 plurimum
946 530 979 606 le
1017 529 1104 608 Tibi
1138 530 1269 605 debere
1299 525 1471 628 profellus
1503 527 1553 603 est
1584 573 1595 618 ‚
1623 531 1681 603 cui
1716 530 1855 606 aditum
1883 524 1932 607 ad

347 655 415 748 Ju.

525 645 727 726 Methodo
756 649 889 726 nostras
918 645 1078 724 suumin
1101 647 1257 726 solidum
1288 637 1531 745 transcripfit,
1557 666 1642 722 cum
1671 639 1934 750 Paristr'r‘lna

526 763 789 844 consuetudine
810 779 980 844 uteretur.

598 879 674 962 Diu
708 881 806 980 apud
836 907 894 958 me
924 878 994 958 fuit
1022 879 1109 958 Dui.
1138 873 1470 958 linarououtr
1498 875 1690 955 meditatio
1720 879 1765 957 de
1793 884 1828 956 vi
1849 905 1937 960 cen-

526 999 679 1100 trifuga;
708 999 767 1076 sed
800 1023 863 1100 per
884 999 950 1076 alia
972 1002 1099 1076 omnia
1123 995 1285 1076 distratlo
1314 999 1396 1074 latin
1427 997 1635 1098 expendere
1662 1021 1741 1074 non
1773 999 1930 1078 lambat

527 1116 646 1196 Tuam
674 1117 857 1196 censuram
885 1115 1007 1192 videre
1029 1109 1265 1251 gratiffimum
1292 1117 1375 1191 erit.

599 1235 833 1314 Morvnar
864 1232 1031 1309 libellum
1049 1234 1197 1330 accepi3
1229 1230 1390 1332 Tibique
1417 1253 1489 1329 ago
1515 1233 1663 1330 granas..
1712 1225 1836 1310 Video
1856 1258 1940 1312 non*

529 1349 598 1431 elle
626 1349 910 1448 s'pemendum
899 1353 1092 1448 ingenium
1126 1347 1235 1442 Viri;
1271 1349 1498 1450 expedloque
1531 1349 1581 1424 ab·
1605 1348 1693 1444 ipio
1724 1349 1859 1452 aliquid
1887 1351 1939 1428 ad

529 1469 694 1548 Scientiae
720 1481 984 1566 augmentum,
1012 1466 1322 1568 quemadmodum
1348 1468 1385 1541 δι
1412 1491 1431 1541 a
1459 1463 1600 1566 Juvene
1626 1465 1721 1557 uto,
1750 1473 1853 1568 cuius
1872 1469 1936 1564 ali-

529 1608 641 1690 quam
670 1569 946 1676 meditationem
968 1578 1115 1662 inseruit
1130 1588 1226 1662 cuca.
1249 1581 1363 1660 Senes
1392 1581 1562 1660 infinirat.

606 1703 676 1781 Sed
693 1704 832 1781 uellem
855 1725 928 1802 ego
950 1695 1060 1780 Viros
1089 1706 1126 1778 in
1154 1693 1293 1804 Angli«
1324 1699 1369 1777 ad
1401 1697 1548 1778 laudem
1572 1703 1611 1776 in·
1642 1697 1702 1781 his
1734 1697 1856 1780 studiis
1879 1702 1942 1782 as·-

530 1824 690 1926 pirantes
726 1817 954 1896 Problemata
989 1819 1139 1918 aggredi
1169 1845 1181 1914 ;
1217 1823 1247 1896 is
1277 1819 1428 1896 demum
1463 1815 1554 1918 lapis
1587 1819 1637 1894 est
1664 1820 1938 1900 Methodoruor

533 1938 655 2040 lydius
683 1935 805 2014 Dnnsa
845 1933 1029 2014 tinius
1059 1938 1135 2014 hoc
1167 1939 1403 2035 praecavit-iu
1428 1931 1543 2013 Libro
1572 1935 1639 2016 sno
1669 1990 1684 2026 5
1716 1939 1943 2016 denuntiam-

535 2055 677 2132 semel
666 2078 703 2130 m
727 2053 933 2132 universum
959 2051 1063 2130 nolle
1090 2053 1125 2130 le
1152 2058 1274 2132 vexari
1299 2051 1620 2132 Problematibus:
1654 2053 1753 2137 Istud
1785 2057 1942 2157 quidem·

419 2262 424 2272 ,
532 2171 659 2272 rapere
693 2171 750 2266 en
833 2193 893 2202 ··
1034 2195 1041 2202 ·

623 2286 703 2367 Nili
736 2283 894 2364 maurinae
919 2277 1150 2366 Reverendns
1196 2278 1455 2364 Banuurns
1489 2281 1709 2386 fignificaliet
1739 2279 1837 2364 mihi
1863 2289 1941 2368 abi·

538 2423 621 2490 tum
653 2404 777 2484 Tuum
804 2407 1086 2488 imminentem
1116 2401 1253 2502 elapluu
1281 2428 1355 2480 erar
1385 2403 1477 2480 milri
1506 2403 1598 2479 nihil
1625 2407 1744 2484 namus
1772 2408 1940 2506 cogitau-

538 2530 580 2608 ti.
623 2519 969 2623 Responfinncnlam
996 2521 1043 2598 ad
1065 2518 1296 2598 anmu-nr-
1317 2545 1437 2620 meam
1468 2519 1667 2621 relinque,
1697 2522 1844 2622 qualo,
1872 2525 1941 2602 ob-

471 2671 476 2679 ·
538 2641 716 2741 fignatam
740 2639 836 2739 apud
864 2631 1020 2740 maxime
1042 2635 1297 2716 Revereudum
1318 2635 1545 2714 Baruuru
1558 2663 1616 2732 ης
1646 2629 1736 2716 nolo
1754 2641 1851 2716 enim
1868 2644 1942 2718 rni·

537 2759 580 2836 hi
605 2760 726 2844 mitti,
757 2759 841 2854 qnia
868 2756 961 2832 forte
989 2754 1037 2829 ad
1059 2747 1229 2832 Batavos
1254 2753 1470 2832 remittenda
1494 2759 1575 2832 erit.
1606 2755 1814 2858 Antequam
1832 2782 1944 2858 pror-‹

540 2877 598 2956 sus
621 2877 751 2958 abeas
781 2873 917 2972 aliquas
943 2865 1062 2946 adhuc
1089 2871 1222 2948 litterar
1245 2896 1264 2948 a
1290 2867 1346 2946 Te
1370 2871 1540 2970 experto
1583 2869 1770 2974 Dominus
1799 2867 1941 2954 Frater

541 2993 650 3073 Tuus
669 2987 772 3068 valde
798 2984 973 3064 dediderat
997 2985 1043 3063 S
1037 2986 1223 3064 hediasma
1253 2989 1343 3064 olim
1371 3013 1391 3064 a
1418 2981 1645 3091 Perfiouurio
1670 2989 1709 3070 D
1718 3015 1737 3068 t
1762 2987 1943 3072 Wrnru

542 3115 640 3210 typis
670 3109 811 3184 edituro
836 3108 931 3184 circa
960 3105 1095 3180 reditus
1120 3107 1165 3182 ad
1200 3108 1318 3182 vitam
1364 3102 1518 3196 Habeo,
1553 3109 1648 3184 led'
1637 3133 1676 3184 m
1708 3109 1811 3186 mole
1829 3110 1938 3186 char-

543 3242 663 3308 tarum
687 3227 847 3300 invenire
874 3247 953 3300 non
980 3221 1133 3322 pullum
1178 3217 1263 3300 Tibi
1290 3245 1337 3298 ex
1364 3213 1525 3300 Batavis
1562 3227 1718 3302 nancisci
1744 3231 1861 3327 eique
1877 3227 1943 3304 ad

545 3347 638 3424 terre
662 3341 764 3418 facile
795 3314 872 3418 erit„
889 3336 1041 3446 Itaque
1068 3364 1164 3440 rogo
1189 3340 1285 3418 hanc
1310 3319 1399 3416 milri
1418 3343 1571 3440 gratiam
1603 3341 1722 3424 faciae
1777 3342 1871 3424 Vale
1899 3345 1943 3424 dr

546 3485 607 3545 me
642 3484 729 3540 anna.

551 3769 556 3780 Ι
643 3653 777 3730 Dabam
797 3657 974 3772 dimovere
999 3662 1055 3746 14
1086 3650 1169 3750 Julii
1195 3663 1335 3773 1705..

986 3791 1007 3798 ”
1367 3781 1654 3918 uenenum}

880 3989 891 4092 'f
1155 4023 1164 4036 “
1284 4006 1757 4131 G'aGdnrnurarna«
