4166 5558
558 379 629 457 370
795 365 1242 451 constructura
1288 345 1739 444 srrsnorrcdrr.

380 553 486 637 ¹716.
606 513 644 592 Si
668 511 753 592 Tibi
770 515 970 614 placuerint
987 535 1068 614 quae
1094 509 1179 588 dedi
1197 513 1236 588 in
1260 501 1366 588 Attis
1386 501 1629 618 Lipsterfibus
1644 516 1837 618 superioris
1865 521 1957 597 anni

371 632 510 725 Janua'r.
553 629 601 710 de
617 629 935 726 turbinationibus,
952 629 1071 708 habeo
1089 628 1136 706 de
1160 651 1236 730 quo
1262 629 1353 705 mibi
1367 629 1537 728 gratuler.
1566 627 1640 708 Hu
1653 657 1679 710 o
1695 659 1759 711 ru
1772 659 1813 713 11
1836 635 1957 716 horo·

553 751 699 852 logium
713 751 993 828 turbinatoriunr
1012 747 1109 826 hisce
1123 751 1213 826 nreis
1237 744 1536 825 meditationibus
1558 749 1678 827 ansam
1692 755 1820 854 utique
1834 753 1957 849 dedit3

554 868 614 946 sed
629 868 674 945 de
690 868 958 947 construetione
973 867 1079 966 hujus
1096 863 1286 963 horologii
1298 863 1388 940 nibil
1402 865 1499 942 aliud
1510 865 1601 942 mihi
1617 883 1747 946 noturn
1762 873 1824 961 est,
1838 889 1963 973 quarn*

474 1045 478 1054 .
555 986 658 1088 quod
673 985 825 1064 habetur
841 989 878 1064 io
894 985 972 1086 ipso
988 981 1114 1084 Opere
1129 982 1166 1064 H
1179 1005 1203 1060 u
1216 1007 1242 1060 o
1257 1007 1316 1060 ru
1329 1007 1342 1059 1
1356 1007 1395 1072 1,
1414 985 1473 1061 cui
1489 984 1627 1074 titulus,
1646 977 1886 1093 Horologium
1905 984 1955 1096 os-

553 1093 799 1194 dilatorium,
826 1126 908 1205 pag.
934 1125 1027 1197 155:
1053 1125 1100 1179 ex
1116 1124 1193 1204 quo
1220 1115 1342 1180 autem
1359 1100 1465 1180 facile
1489 1101 1658 1202 intelligo
1678 1109 1859 1204 ejusmodi
1883 1109 1953 1185 lro·

555 1223 745 1323 rologr'um
767 1225 909 1300 ratione
937 1221 1210 1298 construslionis
1244 1219 1281 1296 dc
1311 1215 1553 1320 dispositionis
1581 1223 1733 1302 internas
1758 1239 1949 1321 rotarum,

553 1363 632 1419 non
670 1335 830 1418 nrultdm
877 1338 1021 1417 differre
1062 1363 1082 1416 a
1116 1335 1380 1415 communibus
1413 1337 1652 1438 horologiis,
1690 1342 1727 1418 dc
1739 1342 1847 1439 nibil
1888 1343 1953 1421 hic

553 1459 653 1538 aliud
682 1459 847 1562 requiri,
881 1478 989 1558 quam
1015 1469 1058 1531 ut
1098 1477 1166 1558 pro
1203 1452 1372 1532 Pendulo
1401 1452 1608 1544 oscillante,
1640 1461 1742 1558 cujus
1773 1461 1954 1539 vibratio-

551 1599 617 1654 nes
644 1577 910 1676 reciprocantes
937 1585 1083 1650 notum
1117 1571 1372 1670 horologii'in
1404 1572 1668 1651 isochronisrno
1705 1577 1944 1667 conservant,

554 1694 744 1794 adaptetur
771 1689 977 1772 Pendulum
999 1690 1206 1778 turbinaos,
1238 1691 1342 1787 cujus
1371 1689 1636 1770 turbinationes
1664 1697 1847 1772 continuae
1880 1694 1953 1772 fint'

404 1815 407 1822 '
554 1809 757 1890 isochronae
771 1835 782 1905 3
815 1809 853 1886 id
875 1808 978 1911 quod
994 1807 1071 1886 sieri
1098 1807 1243 1909 potest,
1272 1803 1419 1888 fifilun
1445 1804 1601 1886 Produli
1625 1810 1946 1913 circumplicatum

552 1927 597 2006 fit
620 1928 762 2006 lanrinae
787 1931 980 2006 incurvatae
1001 1925 1201 2006 secundum
1219 1924 1405 2004 evolutam
1421 1922 1614 2004 Parabolae.
1665 1926 1725 2005 Sic
1751 1934 1852 2008 enirn
1875 1929 1944 2006 sire

553 2046 783 2136 intendatur,
812 2041 880 2121 live
907 2047 1113 2122 remittatur
1139 2045 1192 2120 vis
1220 2041 1434 2132 turbinaos,
1469 2042 1634 2145 adeoque
1656 2044 1728 2120 live
1746 2050 1943 2149 ampliores

552 2157 623 2241 ssve
647 2164 869 2264 angustiores
891 2159 1092 2262 superficies
1108 2159 1267 2242 Conicas
1292 2159 1470 2238 describat
1488 2159 1598 2270 'silum
1620 2159 1805 2260 Penduli·;
1837 2178 1943 2244 erunt

552 2293 676 2360 tamen
706 2305 835 2362 omues
869 2280 1032 2380 ejusdem
1058 2279 1280 2368 altitudinis,
1316 2279 1355 2355 dr
1387 2277 1543 2379 proinde
1578 2282 1845 2362 turbinationes
1874 2283 1944 2362 iso·

553 2398 709 2478 chronae
757 2397 876 2494 Quod
901 2397 1084 2499 superest,
1116 2421 1230 2477 annus
1249 2395 1310 2474 hic
1340 2417 1459 2473 novus
1484 2419 1571 2476 cum
1601 2397 1767 2500 plurimis
1794 2401 1874 2480 aliis
1892 2401 1964 2478 se·'

553 2517 750 2620 questibus
779 2515 866 2598 Tibi
894 2515 938 2594 sit
961 2508 1213 2616 feliciffinus,
1246 2509 1338 2594 Vale
1364 2515 1402 2592 dr
1425 2511 1529 2602 Fare,

648 2723 765 2826 Bafilre
788 2752 818 2806 a
843 2725 874 2804 d.
905 2745 962 2826 15·
994 2727 1131 2830 Juruar.
1161 2697 1269 2818 r716.

1194 2921 1438 3036 Amplitudlni
1458 2919 1551 3003 Tuae
1571 2919 1829 3010 Devotissimo.'

1359 3135 1391 3244 J.
1424 3139 1762 3224 Branourrr.
