<?xml version="1.0" encoding="UTF-8"?>
<!DOCTYPE html PUBLIC "-//W3C//DTD XHTML 1.0 Transitional//EN"
    "http://www.w3.org/TR/xhtml1/DTD/xhtml1-transitional.dtd">
<html xmlns="http://www.w3.org/1999/xhtml" xml:lang="en" lang="en">
 <head>
  <title>
</title>
<meta http-equiv="Content-Type" content="text/html;charset=utf-8" />
  <meta name='ocr-system' content='tesseract 3.04.00' />
  <meta name='ocr-capabilities' content='ocr_page ocr_carea ocr_par ocr_line ocrx_word'/>
</head>
<body>
  <div class='ocr_page' id='page_1' title='image "./virorumceleberr01bousgoog_0315.png"; bbox 0 0 4166 5558; ppageno 0'>
   <div class='ocr_carea' id='block_1_1' title="bbox 589 447 1883 547">
    <p class='ocr_par' dir='ltr' id='par_1_1' title="bbox 589 447 1883 547">
     <span class='ocr_line' id='line_1_1' title="bbox 589 447 1883 547; baseline -0.005 -12"><span class='ocrx_word' id='word_1_1' title='bbox 589 469 663 547; x_wconf 73' lang='lat'>288</span> <span class='ocrx_word' id='word_1_2' title='bbox 736 447 1269 534; x_wconf 63' lang='lat' dir='ltr'>constitutivi(</span> <span class='ocrx_word' id='word_1_3' title='bbox 1325 451 1883 529; x_wconf 67' lang='lat' dir='ltr'>tetstottuuu.</span> 
     </span>
    </p>
   </div>
   <div class='ocr_carea' id='block_1_2' title="bbox 515 595 1998 3510">
    <p class='ocr_par' dir='ltr' id='par_1_2' title="bbox 515 595 1998 1982">
     <span class='ocr_line' id='line_1_2' title="bbox 515 595 1996 718; baseline -0.008 -34"><span class='ocrx_word' id='word_1_4' title='bbox 515 641 518 649; x_wconf 96' lang='lat'>·</span> <span class='ocrx_word' id='word_1_5' title='bbox 587 607 710 718; x_wconf 85' lang='lat' dir='ltr'>potest</span> <span class='ocrx_word' id='word_1_6' title='bbox 734 603 800 681; x_wconf 87' lang='lat' dir='ltr'>elle</span> <span class='ocrx_word' id='word_1_7' title='bbox 815 607 854 678; x_wconf 90' lang='lat' dir='ltr'>in</span> <span class='ocrx_word' id='word_1_8' title='bbox 875 595 1120 700; x_wconf 84' lang='lat' dir='ltr'>progreffione</span> <span class='ocrx_word' id='word_1_9' title='bbox 1140 595 1361 696; x_wconf 83' lang='lat' dir='ltr'>geometrica</span> <span class='ocrx_word' id='word_1_10' title='bbox 1384 596 1422 670; x_wconf 90' lang='lat' dir='ltr'>in</span> <span class='ocrx_word' id='word_1_11' title='bbox 1443 618 1515 695; x_wconf 86' lang='lat' dir='ltr'>qua</span> <span class='ocrx_word' id='word_1_12' title='bbox 1538 596 1586 673; x_wconf 86' lang='lat' dir='ltr'>est</span> <span class='ocrx_word' id='word_1_13' title='bbox 1607 601 1657 685; x_wconf 61' lang='grc'>4-</span> <span class='ocrx_word' id='word_1_14' title='bbox 1672 619 1716 692; x_wconf 78' lang='lat'>2,</span> <span class='ocrx_word' id='word_1_15' title='bbox 1744 601 1868 697; x_wconf 82' lang='lat' dir='ltr'>qualis</span> <span class='ocrx_word' id='word_1_16' title='bbox 1886 597 1996 674; x_wconf 61' lang='lat' dir='ltr'>nem}</span> 
     </span>
     <span class='ocr_line' id='line_1_3' title="bbox 590 709 1995 836; baseline -0.008 -38"><span class='ocrx_word' id='word_1_17' title='bbox 590 749 640 836; x_wconf 85' lang='lat' dir='ltr'>pe</span> <span class='ocrx_word' id='word_1_18' title='bbox 665 723 743 816; x_wconf 78' lang='lat' dir='ltr'>{ex</span> <span class='ocrx_word' id='word_1_19' title='bbox 765 714 986 820; x_wconf 78' lang='lat' dir='ltr'>hypotheu]</span> <span class='ocrx_word' id='word_1_20' title='bbox 1014 716 1066 790; x_wconf 86' lang='lat' dir='ltr'>est</span> <span class='ocrx_word' id='word_1_21' title='bbox 1086 715 1230 809; x_wconf 56' lang='lat' dir='ltr'>nostru</span> <span class='ocrx_word' id='word_1_22' title='bbox 1268 735 1352 789; x_wconf 86' lang='lat' dir='ltr'>cum</span> <span class='ocrx_word' id='word_1_23' title='bbox 1371 733 1481 792; x_wconf 85' lang='lat'>-—-2</span> <span class='ocrx_word' id='word_1_24' title='bbox 1509 737 1586 789; x_wconf 87' lang='lat' dir='ltr'>nun</span> <span class='ocrx_word' id='word_1_25' title='bbox 1619 709 1660 791; x_wconf 87' lang='lat' dir='ltr'>lit</span> <span class='ocrx_word' id='word_1_26' title='bbox 1683 725 1850 814; x_wconf 73' lang='lat' dir='ltr'>putentia</span> <span class='ocrx_word' id='word_1_27' title='bbox 1877 714 1995 816; x_wconf 76' lang='lat' dir='ltr'>ipfius</span> 
     </span>
     <span class='ocr_line' id='line_1_4' title="bbox 597 831 1996 934; baseline -0.011 -13"><span class='ocrx_word' id='word_1_28' title='bbox 597 867 642 929; x_wconf 84' lang='lat'>2,</span> <span class='ocrx_word' id='word_1_29' title='bbox 670 839 867 916; x_wconf 86' lang='lat' dir='ltr'>secundum</span> <span class='ocrx_word' id='word_1_30' title='bbox 895 845 1142 931; x_wconf 85' lang='lat' dir='ltr'>exponentem</span> <span class='ocrx_word' id='word_1_31' title='bbox 1175 851 1450 933; x_wconf 84' lang='lat' dir='ltr'>quemcunque,</span> <span class='ocrx_word' id='word_1_32' title='bbox 1474 831 1534 906; x_wconf 77' lang='lat' dir='ltr'>seu</span> <span class='ocrx_word' id='word_1_33' title='bbox 1563 831 1704 908; x_wconf 75' lang='lat' dir='ltr'>nonsit</span> <span class='ocrx_word' id='word_1_34' title='bbox 1731 843 1774 908; x_wconf 63' lang='grc' dir='ltr'>αθ</span> <span class='ocrx_word' id='word_1_35' title='bbox 1802 835 1913 934; x_wconf 89' lang='lat' dir='ltr'>quod</span> <span class='ocrx_word' id='word_1_36' title='bbox 1942 845 1996 907; x_wconf 84' lang='lat' dir='ltr'>ta-</span> 
     </span>
     <span class='ocr_line' id='line_1_5' title="bbox 593 944 1996 1054; baseline -0.009 -21"><span class='ocrx_word' id='word_1_37' title='bbox 593 981 679 1034; x_wconf 88' lang='lat' dir='ltr'>men</span> <span class='ocrx_word' id='word_1_38' title='bbox 704 955 749 1031; x_wconf 90' lang='lat' dir='ltr'>de</span> <span class='ocrx_word' id='word_1_39' title='bbox 777 948 909 1054; x_wconf 84' lang='lat' dir='ltr'>quouis</span> <span class='ocrx_word' id='word_1_40' title='bbox 937 971 1092 1026; x_wconf 84' lang='lat' dir='ltr'>numeru</span> <span class='ocrx_word' id='word_1_41' title='bbox 1122 944 1401 1048; x_wconf 81' lang='lat' dir='ltr'>Logarithmum</span> <span class='ocrx_word' id='word_1_42' title='bbox 1426 949 1622 1046; x_wconf 76' lang='lat' dir='ltr'>recipiente</span> <span class='ocrx_word' id='word_1_43' title='bbox 1650 946 1724 1024; x_wconf 90' lang='lat' dir='ltr'>dici</span> <span class='ocrx_word' id='word_1_44' title='bbox 1748 945 1895 1049; x_wconf 81' lang='lat' dir='ltr'>potest,</span> <span class='ocrx_word' id='word_1_45' title='bbox 1929 949 1996 1048; x_wconf 89' lang='lat' dir='ltr'>qui</span> 
     </span>
     <span class='ocr_line' id='line_1_6' title="bbox 595 1057 1993 1177; baseline -0.007 -30"><span class='ocrx_word' id='word_1_46' title='bbox 595 1069 750 1177; x_wconf 82' lang='lat' dir='ltr'>proinde</span> <span class='ocrx_word' id='word_1_47' title='bbox 769 1073 808 1151; x_wconf 91' lang='lat' dir='ltr'>in</span> <span class='ocrx_word' id='word_1_48' title='bbox 834 1069 930 1144; x_wconf 85' lang='lat' dir='ltr'>hanc</span> <span class='ocrx_word' id='word_1_49' title='bbox 953 1064 1075 1141; x_wconf 80' lang='lat' dir='ltr'>seriem</span> <span class='ocrx_word' id='word_1_50' title='bbox 1113 1089 1218 1153; x_wconf 87' lang='lat'>1,2,</span> <span class='ocrx_word' id='word_1_51' title='bbox 1241 1065 1351 1162; x_wconf 64' lang='lat'>4812.</span> <span class='ocrx_word' id='word_1_52' title='bbox 1370 1077 1548 1160; x_wconf 85' lang='lat' dir='ltr'>quantum</span> <span class='ocrx_word' id='word_1_53' title='bbox 1571 1089 1668 1162; x_wconf 83' lang='lat' dir='ltr'>opus</span> <span class='ocrx_word' id='word_1_54' title='bbox 1694 1067 1792 1142; x_wconf 91' lang='lat' dir='ltr'>ultro</span> <span class='ocrx_word' id='word_1_55' title='bbox 1812 1057 1993 1163; x_wconf 83' lang='lat' dir='ltr'>citroque</span> 
     </span>
     <span class='ocr_line' id='line_1_7' title="bbox 592 1176 1997 1283; baseline -0.009 -15"><span class='ocrx_word' id='word_1_56' title='bbox 592 1187 843 1269; x_wconf 69' lang='lat' dir='ltr'>continentum</span> <span class='ocrx_word' id='word_1_57' title='bbox 872 1181 930 1258; x_wconf 84' lang='lat' dir='ltr'>vel</span> <span class='ocrx_word' id='word_1_58' title='bbox 963 1183 1218 1283; x_wconf 81' lang='lat' dir='ltr'>interpolatum</span> <span class='ocrx_word' id='word_1_59' title='bbox 1253 1177 1348 1258; x_wconf 83' lang='lat' dir='ltr'>cudit</span> <span class='ocrx_word' id='word_1_60' title='bbox 1376 1176 1497 1254; x_wconf 85' lang='lat' dir='ltr'>saltem</span> <span class='ocrx_word' id='word_1_61' title='bbox 1527 1182 1787 1281; x_wconf 63' lang='lat' dir='ltr'>aequivalenter.</span> <span class='ocrx_word' id='word_1_62' title='bbox 1840 1181 1997 1282; x_wconf 84' lang='lat' dir='ltr'>Nempe</span> 
     </span>
     <span class='ocr_line' id='line_1_8' title="bbox 596 1294 1996 1402; baseline -0.01 -18"><span class='ocrx_word' id='word_1_63' title='bbox 596 1307 624 1384; x_wconf 82' lang='lat' dir='ltr'>st</span> <span class='ocrx_word' id='word_1_64' title='bbox 663 1306 725 1382; x_wconf 87' lang='lat' dir='ltr'>fiat</span> <span class='ocrx_word' id='word_1_65' title='bbox 756 1309 951 1398; x_wconf 52' lang='grc' dir='ltr'>κεν,</span> <span class='ocrx_word' id='word_1_66' title='bbox 985 1296 1052 1374; x_wconf 85' lang='lat' dir='ltr'>erit</span> <span class='ocrx_word' id='word_1_67' title='bbox 1079 1298 1285 1396; x_wconf 66' lang='grc' dir='ltr'>εει-[ος.</span> <span class='ocrx_word' id='word_1_68' title='bbox 1317 1321 1375 1382; x_wconf 82' lang='lat' dir='ltr'>x,</span> <span class='ocrx_word' id='word_1_69' title='bbox 1404 1294 1522 1402; x_wconf 78' lang='lat' dir='ltr'>polito</span> <span class='ocrx_word' id='word_1_70' title='bbox 1550 1296 1685 1374; x_wconf 75' lang='lat' dir='ltr'>scilieet</span> <span class='ocrx_word' id='word_1_71' title='bbox 1718 1297 1814 1398; x_wconf 85' lang='lat' dir='ltr'>Lug.</span> <span class='ocrx_word' id='word_1_72' title='bbox 1853 1325 1891 1376; x_wconf 90' lang='lat'>1.</span> <span class='ocrx_word' id='word_1_73' title='bbox 1928 1295 1996 1373; x_wconf 89' lang='lat' dir='ltr'>elle</span> 
     </span>
     <span class='ocr_line' id='line_1_9' title="bbox 598 1412 1998 1520; baseline -0.011 -18"><span class='ocrx_word' id='word_1_74' title='bbox 598 1452 651 1514; x_wconf 90' lang='lat' dir='ltr'>o,</span> <span class='ocrx_word' id='word_1_75' title='bbox 681 1425 718 1498; x_wconf 71' lang='grc' dir='ltr'>δι</span> <span class='ocrx_word' id='word_1_76' title='bbox 746 1419 838 1520; x_wconf 84' lang='lat' dir='ltr'>Log.</span> <span class='ocrx_word' id='word_1_77' title='bbox 875 1441 910 1496; x_wconf 83' lang='lat'>2.</span> <span class='ocrx_word' id='word_1_78' title='bbox 945 1413 1012 1494; x_wconf 81' lang='lat' dir='ltr'>effe</span> <span class='ocrx_word' id='word_1_79' title='bbox 1053 1441 1085 1492; x_wconf 78' lang='lat'>1,</span> <span class='ocrx_word' id='word_1_80' title='bbox 1148 1415 1243 1493; x_wconf 86' lang='lat' dir='ltr'>Cum</span> <span class='ocrx_word' id='word_1_81' title='bbox 1270 1437 1361 1512; x_wconf 85' lang='lat' dir='ltr'>ergo</span> <span class='ocrx_word' id='word_1_82' title='bbox 1390 1412 1568 1489; x_wconf 74' lang='lat' dir='ltr'>nundaii</span> <span class='ocrx_word' id='word_1_83' title='bbox 1595 1415 1700 1515; x_wconf 69' lang='lat' dir='ltr'>pelli</span> <span class='ocrx_word' id='word_1_84' title='bbox 1726 1443 1773 1506; x_wconf 85' lang='lat' dir='ltr'>e,</span> <span class='ocrx_word' id='word_1_85' title='bbox 1798 1417 1834 1492; x_wconf 89' lang='lat' dir='ltr'>in</span> <span class='ocrx_word' id='word_1_86' title='bbox 1874 1439 1998 1514; x_wconf 80' lang='lat' dir='ltr'>aequa-</span> 
     </span>
     <span class='ocr_line' id='line_1_10' title="bbox 600 1530 1998 1628; baseline -0.019 -10"><span class='ocrx_word' id='word_1_87' title='bbox 600 1541 785 1619; x_wconf 78' lang='lat' dir='ltr'>tione—</span> <span class='ocrx_word' id='word_1_88' title='bbox 805 1559 827 1612; x_wconf 83' lang='lat'><em>2</em></span> <span class='ocrx_word' id='word_1_89' title='bbox 848 1543 993 1618; x_wconf 66' lang='lat'>=2⁹‚&#39;</span> <span class='ocrx_word' id='word_1_90' title='bbox 1027 1533 1251 1628; x_wconf 83' lang='lat' dir='ltr'>consequens</span> <span class='ocrx_word' id='word_1_91' title='bbox 1280 1533 1370 1618; x_wconf 84' lang='lat' dir='ltr'>etit,</span> <span class='ocrx_word' id='word_1_92' title='bbox 1396 1530 1780 1628; x_wconf 71' lang='lat' dir='ltr'>iugurthinum—2</span> <span class='ocrx_word' id='word_1_93' title='bbox 1814 1534 1885 1611; x_wconf 81' lang='lat' dir='ltr'>ell&#39;e</span> <span class='ocrx_word' id='word_1_94' title='bbox 1914 1532 1998 1608; x_wconf 89' lang='lat' dir='ltr'>nul.</span> 
     </span>
     <span class='ocr_line' id='line_1_11' title="bbox 576 1637 1996 1752; baseline -0.008 -18"><span class='ocrx_word' id='word_1_95' title='bbox 576 1637 689 1740; x_wconf 62' lang='lat' dir='ltr'>&#39;lunt</span> <span class='ocrx_word' id='word_1_96' title='bbox 750 1653 869 1752; x_wconf 87' lang='lat' dir='ltr'>Atque</span> <span class='ocrx_word' id='word_1_97' title='bbox 891 1649 978 1726; x_wconf 80' lang='lat' dir='ltr'>hine</span> <span class='ocrx_word' id='word_1_98' title='bbox 1009 1644 1118 1722; x_wconf 77' lang='lat' dir='ltr'>etiam</span> <span class='ocrx_word' id='word_1_99' title='bbox 1153 1645 1193 1723; x_wconf 89' lang='lat' dir='ltr'>fit</span> <span class='ocrx_word' id='word_1_100' title='bbox 1213 1653 1388 1726; x_wconf 78' lang='lat' dir='ltr'>&#39;ut—2</span> <span class='ocrx_word' id='word_1_101' title='bbox 1417 1670 1494 1724; x_wconf 90' lang='lat' dir='ltr'>uun</span> <span class='ocrx_word' id='word_1_102' title='bbox 1519 1650 1626 1750; x_wconf 68' lang='lat' dir='ltr'>pellit</span> <span class='ocrx_word' id='word_1_103' title='bbox 1652 1647 1719 1726; x_wconf 52' lang='lat' dir='ltr'>effe</span> <span class='ocrx_word' id='word_1_104' title='bbox 1755 1649 1923 1728; x_wconf 82' lang='lat' dir='ltr'>ordinata</span> <span class='ocrx_word' id='word_1_105' title='bbox 1951 1648 1996 1726; x_wconf 83' lang='lat' dir='ltr'>ad</span> 
     </span>
     <span class='ocr_line' id='line_1_12' title="bbox 599 1761 1997 1876; baseline -0.005 -29"><span class='ocrx_word' id='word_1_106' title='bbox 599 1775 843 1876; x_wconf 85' lang='lat' dir='ltr'>Asymptoton</span> <span class='ocrx_word' id='word_1_107' title='bbox 879 1761 1193 1864; x_wconf 81' lang='lat' dir='ltr'>Logarithmicae,</span> <span class='ocrx_word' id='word_1_108' title='bbox 1226 1767 1265 1839; x_wconf 91' lang='lat' dir='ltr'>in</span> <span class='ocrx_word' id='word_1_109' title='bbox 1296 1763 1420 1840; x_wconf 84' lang='lat' dir='ltr'>eadem</span> <span class='ocrx_word' id='word_1_110' title='bbox 1451 1764 1538 1842; x_wconf 81' lang='lat' dir='ltr'>serie</span> <span class='ocrx_word' id='word_1_111' title='bbox 1564 1766 1757 1842; x_wconf 83' lang='lat' dir='ltr'>consistens</span> <span class='ocrx_word' id='word_1_112' title='bbox 1791 1793 1874 1846; x_wconf 86' lang='lat' dir='ltr'>eum</span> <span class='ocrx_word' id='word_1_113' title='bbox 1906 1787 1920 1843; x_wconf 90' lang='lat'>1</span> <span class='ocrx_word' id='word_1_114' title='bbox 1960 1766 1997 1840; x_wconf 76' lang='lat' dir='ltr'>St</span> 
     </span>
     <span class='ocr_line' id='line_1_13' title="bbox 605 1877 1991 1982; baseline -0.006 -17"><span class='ocrx_word' id='word_1_115' title='bbox 605 1915 657 1980; x_wconf 83' lang='lat'>2,</span> <span class='ocrx_word' id='word_1_116' title='bbox 684 1890 743 1965; x_wconf 88' lang='lat' dir='ltr'>seu</span> <span class='ocrx_word' id='word_1_117' title='bbox 766 1907 844 1966; x_wconf 89' lang='lat' dir='ltr'>non</span> <span class='ocrx_word' id='word_1_118' title='bbox 861 1881 968 1982; x_wconf 80' lang='lat' dir='ltr'>pollit</span> <span class='ocrx_word' id='word_1_119' title='bbox 986 1877 1053 1958; x_wconf 79' lang='lat' dir='ltr'>elle</span> <span class='ocrx_word' id='word_1_120' title='bbox 1071 1903 1106 1954; x_wconf 83' lang='lat' dir='ltr'><strong><em>x</em></strong></span> <span class='ocrx_word' id='word_1_121' title='bbox 1128 1884 1167 1957; x_wconf 92' lang='lat' dir='ltr'>in</span> <span class='ocrx_word' id='word_1_122' title='bbox 1182 1878 1386 1980; x_wconf 84' lang='lat' dir='ltr'>aequatioue</span> <span class='ocrx_word' id='word_1_123' title='bbox 1405 1883 1447 1956; x_wconf 83' lang='lat' dir='ltr'>ad</span> <span class='ocrx_word' id='word_1_124' title='bbox 1475 1879 1783 1980; x_wconf 78' lang='lat' dir='ltr'>Logauthmicam</span> <span class='ocrx_word' id='word_1_125' title='bbox 1808 1910 1927 1960; x_wconf 75' lang='lat' dir='ltr'><strong><em>xz·-</em></strong></span> <span class='ocrx_word' id='word_1_126' title='bbox 1940 1889 1991 1957; x_wconf 77' lang='lat'>2⁶.</span> 
     </span>
    </p>

    <p class='ocr_par' dir='ltr' id='par_1_3' title="bbox 689 1994 1994 2102">
     <span class='ocr_line' id='line_1_14' title="bbox 689 1994 1994 2102; baseline -0.003 -22"><span class='ocrx_word' id='word_1_127' title='bbox 689 2003 760 2080; x_wconf 85' lang='lat' dir='ltr'>Sed</span> <span class='ocrx_word' id='word_1_128' title='bbox 795 1997 894 2074; x_wconf 85' lang='lat' dir='ltr'>idem</span> <span class='ocrx_word' id='word_1_129' title='bbox 925 1994 1128 2076; x_wconf 85' lang='lat' dir='ltr'>ostenditur</span> <span class='ocrx_word' id='word_1_130' title='bbox 1163 1997 1283 2074; x_wconf 89' lang='lat' dir='ltr'>adhuc</span> <span class='ocrx_word' id='word_1_131' title='bbox 1325 1997 1463 2074; x_wconf 82' lang='lat' dir='ltr'>facilius</span> <span class='ocrx_word' id='word_1_132' title='bbox 1498 2023 1545 2075; x_wconf 84' lang='lat' dir='ltr'>ex</span> <span class='ocrx_word' id='word_1_133' title='bbox 1584 2019 1710 2078; x_wconf 79' lang='lat' dir='ltr'>nutura</span> <span class='ocrx_word' id='word_1_134' title='bbox 1749 2000 1994 2102; x_wconf 83' lang='lat' dir='ltr'>quantitatum</span> 
     </span>
    </p>

    <p class='ocr_par' dir='ltr' id='par_1_4' title="bbox 534 2113 1996 2914">
     <span class='ocr_line' id='line_1_15' title="bbox 534 2113 1996 2220; baseline -0.001 -26"><span class='ocrx_word' id='word_1_135' title='bbox 534 2113 540 2118; x_wconf 70' lang='grc'><strong>’</strong></span> <span class='ocrx_word' id='word_1_136' title='bbox 604 2121 906 2220; x_wconf 77' lang='lat' dir='ltr'>imaginarianum.</span> <span class='ocrx_word' id='word_1_137' title='bbox 950 2114 990 2190; x_wconf 86' lang='lat' dir='ltr'>Si</span> <span class='ocrx_word' id='word_1_138' title='bbox 1005 2151 1073 2166; x_wconf 86' lang='lat'>—-</span> <span class='ocrx_word' id='word_1_139' title='bbox 1093 2139 1116 2192; x_wconf 89' lang='lat'>2</span> <span class='ocrx_word' id='word_1_140' title='bbox 1139 2113 1253 2194; x_wconf 81' lang='lat' dir='ltr'>habet</span> <span class='ocrx_word' id='word_1_141' title='bbox 1276 2113 1563 2210; x_wconf 82' lang='lat' dir='ltr'>logatithmum,</span> <span class='ocrx_word' id='word_1_142' title='bbox 1584 2117 1711 2216; x_wconf 88' lang='lat' dir='ltr'>utique</span> <span class='ocrx_word' id='word_1_143' title='bbox 1742 2119 1848 2216; x_wconf 87' lang='lat' dir='ltr'>hujus</span> <span class='ocrx_word' id='word_1_144' title='bbox 1876 2118 1996 2212; x_wconf 73' lang='lat' dir='ltr'>Logi-</span> 
     </span>
     <span class='ocr_line' id='line_1_16' title="bbox 604 2225 1996 2332; baseline -0.009 -16"><span class='ocrx_word' id='word_1_145' title='bbox 604 2236 730 2316; x_wconf 87' lang='lat' dir='ltr'>tithmi</span> <span class='ocrx_word' id='word_1_146' title='bbox 768 2235 911 2310; x_wconf 83' lang='lat' dir='ltr'>dabitur</span> <span class='ocrx_word' id='word_1_147' title='bbox 938 2229 1141 2307; x_wconf 87' lang='lat' dir='ltr'>dimidium.</span> <span class='ocrx_word' id='word_1_148' title='bbox 1204 2227 1238 2306; x_wconf 88' lang='lat' dir='ltr'>ls</span> <span class='ocrx_word' id='word_1_149' title='bbox 1279 2225 1401 2306; x_wconf 83' lang='lat' dir='ltr'>autem</span> <span class='ocrx_word' id='word_1_150' title='bbox 1436 2233 1486 2308; x_wconf 87' lang='lat' dir='ltr'>est</span> <span class='ocrx_word' id='word_1_151' title='bbox 1517 2231 1776 2332; x_wconf 84' lang='lat' dir='ltr'>Logarithmus</span> <span class='ocrx_word' id='word_1_152' title='bbox 1817 2235 1996 2316; x_wconf 84' lang='lat' dir='ltr'>numeri,</span> 
     </span>
     <span class='ocr_line' id='line_1_17' title="bbox 606 2345 1994 2458; baseline -0.009 -27"><span class='ocrx_word' id='word_1_153' title='bbox 606 2357 673 2458; x_wconf 91' lang='lat' dir='ltr'>qui</span> <span class='ocrx_word' id='word_1_154' title='bbox 713 2351 837 2428; x_wconf 81' lang='lat' dir='ltr'>duuus</span> <span class='ocrx_word' id='word_1_155' title='bbox 864 2353 904 2424; x_wconf 90' lang='lat' dir='ltr'>in</span> <span class='ocrx_word' id='word_1_156' title='bbox 944 2349 977 2424; x_wconf 89' lang='lat' dir='ltr'>se</span> <span class='ocrx_word' id='word_1_157' title='bbox 1009 2345 1125 2444; x_wconf 88' lang='lat' dir='ltr'>ipsum</span> <span class='ocrx_word' id='word_1_158' title='bbox 1149 2348 1338 2430; x_wconf 59' lang='lat' dir='ltr'>dut-ru</span> <span class='ocrx_word' id='word_1_159' title='bbox 1370 2403 1384 2434; x_wconf 85' lang='grc'><strong>.</strong></span> <span class='ocrx_word' id='word_1_160' title='bbox 1418 2349 1478 2428; x_wconf 82' lang='lat' dir='ltr'>seu</span> <span class='ocrx_word' id='word_1_161' title='bbox 1510 2353 1559 2428; x_wconf 89' lang='lat' dir='ltr'>est</span> <span class='ocrx_word' id='word_1_162' title='bbox 1589 2349 1848 2449; x_wconf 79' lang='lat' dir='ltr'>Logarithmus</span> <span class='ocrx_word' id='word_1_163' title='bbox 1892 2346 1994 2448; x_wconf 71' lang='lat' dir='ltr'>iulius</span> 
     </span>
     <span class='ocr_line' id='line_1_18' title="bbox 611 2457 1995 2572; baseline -0.007 -27"><span class='ocrx_word' id='word_1_164' title='bbox 611 2462 648 2562; x_wconf 54' lang='lat' dir='ltr'>u</span> <span class='ocrx_word' id='word_1_165' title='bbox 664 2511 733 2524; x_wconf 90' lang='lat'>--</span> <span class='ocrx_word' id='word_1_166' title='bbox 752 2491 786 2546; x_wconf 91' lang='lat'>2.</span> <span class='ocrx_word' id='word_1_167' title='bbox 822 2465 892 2543; x_wconf 86' lang='lat' dir='ltr'>Sed</span> <span class='ocrx_word' id='word_1_168' title='bbox 919 2457 956 2558; x_wconf 59' lang='lat' dir='ltr'>ql</span> <span class='ocrx_word' id='word_1_169' title='bbox 970 2487 1084 2542; x_wconf 80' lang='lat'>-2</span> <span class='ocrx_word' id='word_1_170' title='bbox 1115 2466 1165 2548; x_wconf 84' lang='lat' dir='ltr'>est</span> <span class='ocrx_word' id='word_1_171' title='bbox 1202 2487 1374 2544; x_wconf 86' lang='lat' dir='ltr'>numerus</span> <span class='ocrx_word' id='word_1_172' title='bbox 1409 2467 1659 2572; x_wconf 75' lang='lat' dir='ltr'>impollibilis3</span> <span class='ocrx_word' id='word_1_173' title='bbox 1686 2493 1775 2568; x_wconf 75' lang='lat' dir='ltr'>ergo</span> <span class='ocrx_word' id='word_1_174' title='bbox 1808 2469 1995 2546; x_wconf 87' lang='lat' dir='ltr'>dimidium</span> 
     </span>
     <span class='ocr_line' id='line_1_19' title="bbox 612 2577 1993 2688; baseline -0.004 -26"><span class='ocrx_word' id='word_1_175' title='bbox 612 2585 961 2686; x_wconf 78' lang='lat' dir='ltr'>Lugarithmi--u</span> <span class='ocrx_word' id='word_1_176' title='bbox 984 2583 1035 2656; x_wconf 83' lang='lat' dir='ltr'>est</span> <span class='ocrx_word' id='word_1_177' title='bbox 1058 2582 1283 2682; x_wconf 84' lang='lat' dir='ltr'>impollibile.</span> <span class='ocrx_word' id='word_1_178' title='bbox 1337 2579 1407 2656; x_wconf 86' lang='lat' dir='ltr'>Sed</span> <span class='ocrx_word' id='word_1_179' title='bbox 1434 2587 1535 2680; x_wconf 85' lang='lat' dir='ltr'>cujus</span> <span class='ocrx_word' id='word_1_180' title='bbox 1557 2583 1748 2670; x_wconf 86' lang='lat' dir='ltr'>dimidium</span> <span class='ocrx_word' id='word_1_181' title='bbox 1769 2586 1820 2661; x_wconf 88' lang='lat' dir='ltr'>est</span> <span class='ocrx_word' id='word_1_182' title='bbox 1841 2577 1993 2688; x_wconf 85' lang='lat' dir='ltr'>impuffl·</span> 
     </span>
     <span class='ocr_line' id='line_1_20' title="bbox 611 2696 1994 2808; baseline -0.008 -27"><span class='ocrx_word' id='word_1_183' title='bbox 611 2706 707 2790; x_wconf 84' lang='lat' dir='ltr'>bile,</span> <span class='ocrx_word' id='word_1_184' title='bbox 743 2701 851 2778; x_wconf 84' lang='lat' dir='ltr'>debet</span> <span class='ocrx_word' id='word_1_185' title='bbox 878 2698 944 2776; x_wconf 85' lang='lat' dir='ltr'>elle</span> <span class='ocrx_word' id='word_1_186' title='bbox 974 2700 1088 2796; x_wconf 85' lang='lat' dir='ltr'>ipsum</span> <span class='ocrx_word' id='word_1_187' title='bbox 1110 2696 1339 2808; x_wconf 80' lang='lat' dir='ltr'>impollibile.</span> <span class='ocrx_word' id='word_1_188' title='bbox 1399 2699 1525 2802; x_wconf 79' lang='lat' dir='ltr'>ltaque</span> <span class='ocrx_word' id='word_1_189' title='bbox 1547 2701 1773 2807; x_wconf 78' lang='lat' dir='ltr'>impufflbilis</span> <span class='ocrx_word' id='word_1_190' title='bbox 1799 2703 1848 2780; x_wconf 89' lang='lat' dir='ltr'>est</span> <span class='ocrx_word' id='word_1_191' title='bbox 1877 2699 1994 2796; x_wconf 81' lang='lat' dir='ltr'>Loga-</span> 
     </span>
     <span class='ocr_line' id='line_1_21' title="bbox 614 2815 1030 2914; baseline -0.026 -13"><span class='ocrx_word' id='word_1_192' title='bbox 614 2820 768 2902; x_wconf 87' lang='lat' dir='ltr'>tithmus</span> <span class='ocrx_word' id='word_1_193' title='bbox 787 2815 891 2914; x_wconf 82' lang='lat' dir='ltr'>iplius</span> <span class='ocrx_word' id='word_1_194' title='bbox 905 2855 976 2868; x_wconf 90' lang='lat'>-·</span> <span class='ocrx_word' id='word_1_195' title='bbox 995 2840 1030 2894; x_wconf 85' lang='lat'>2.</span> 
     </span>
    </p>

    <p class='ocr_par' dir='ltr' id='par_1_5' title="bbox 617 2923 1995 3510">
     <span class='ocr_line' id='line_1_22' title="bbox 703 2923 1993 3031; baseline -0.005 -19"><span class='ocrx_word' id='word_1_196' title='bbox 703 2934 880 3012; x_wconf 77' lang='lat' dir='ltr'>Caeterum</span> <span class='ocrx_word' id='word_1_197' title='bbox 912 2931 984 3031; x_wconf 88' lang='lat' dir='ltr'>ipsa</span> <span class='ocrx_word' id='word_1_198' title='bbox 1017 2933 1204 3012; x_wconf 83' lang='lat' dir='ltr'>harmonia</span> <span class='ocrx_word' id='word_1_199' title='bbox 1235 2923 1562 3028; x_wconf 78' lang='lat' dir='ltr'>Logarithmorum</span> <span class='ocrx_word' id='word_1_200' title='bbox 1595 2935 1895 3014; x_wconf 83' lang='lat' dir='ltr'>&amp;numerorum</span> <span class='ocrx_word' id='word_1_201' title='bbox 1926 2931 1993 3006; x_wconf 77' lang='lat' dir='ltr'>hec</span> 
     </span>
     <span class='ocr_line' id='line_1_23' title="bbox 617 3043 1995 3152; baseline -0.004 -24"><span class='ocrx_word' id='word_1_202' title='bbox 617 3051 787 3128; x_wconf 86' lang='lat' dir='ltr'>illustrat:</span> <span class='ocrx_word' id='word_1_203' title='bbox 821 3049 956 3130; x_wconf 66' lang='lat' dir='ltr'>Duilio</span> <span class='ocrx_word' id='word_1_204' title='bbox 995 3054 1032 3125; x_wconf 90' lang='lat' dir='ltr'>in</span> <span class='ocrx_word' id='word_1_205' title='bbox 1065 3053 1099 3128; x_wconf 88' lang='lat' dir='ltr'>se</span> <span class='ocrx_word' id='word_1_206' title='bbox 1132 3049 1246 3148; x_wconf 78' lang='lat' dir='ltr'>ipl&#39;um</span> <span class='ocrx_word' id='word_1_207' title='bbox 1271 3051 1308 3124; x_wconf 92' lang='lat' dir='ltr'>in</span> <span class='ocrx_word' id='word_1_208' title='bbox 1342 3054 1501 3125; x_wconf 87' lang='lat' dir='ltr'>numetis</span> <span class='ocrx_word' id='word_1_209' title='bbox 1531 3054 1800 3150; x_wconf 71' lang='lat' dir='ltr'>representatur</span> <span class='ocrx_word' id='word_1_210' title='bbox 1821 3077 1885 3152; x_wconf 87' lang='lat' dir='ltr'>pet</span> <span class='ocrx_word' id='word_1_211' title='bbox 1912 3043 1995 3122; x_wconf 89' lang='lat' dir='ltr'>mul-</span> 
     </span>
     <span class='ocr_line' id='line_1_24' title="bbox 618 3165 1994 3270; baseline -0.007 -26"><span class='ocrx_word' id='word_1_212' title='bbox 618 3166 885 3270; x_wconf 83' lang='lat' dir='ltr'>tiplicationem</span> <span class='ocrx_word' id='word_1_213' title='bbox 928 3171 965 3243; x_wconf 89' lang='lat' dir='ltr'>in</span> <span class='ocrx_word' id='word_1_214' title='bbox 1001 3165 1277 3266; x_wconf 76' lang='lat' dir='ltr'>Logarithmis3</span> <span class='ocrx_word' id='word_1_215' title='bbox 1319 3167 1573 3268; x_wconf 83' lang='lat' dir='ltr'>multiplicatio</span> <span class='ocrx_word' id='word_1_216' title='bbox 1614 3173 1652 3244; x_wconf 87' lang='lat' dir='ltr'>in</span> <span class='ocrx_word' id='word_1_217' title='bbox 1691 3167 1847 3246; x_wconf 77' lang='lat' dir='ltr'>numeris</span> <span class='ocrx_word' id='word_1_218' title='bbox 1878 3181 1994 3266; x_wconf 77' lang='lat' dir='ltr'>repre·</span> 
     </span>
     <span class='ocr_line' id='line_1_25' title="bbox 620 3280 1993 3388; baseline -0.001 -28"><span class='ocrx_word' id='word_1_219' title='bbox 620 3285 774 3361; x_wconf 83' lang='lat' dir='ltr'>lentatur</span> <span class='ocrx_word' id='word_1_220' title='bbox 808 3309 873 3382; x_wconf 85' lang='lat' dir='ltr'>per</span> <span class='ocrx_word' id='word_1_221' title='bbox 902 3283 1128 3367; x_wconf 83' lang='lat' dir='ltr'>additionem</span> <span class='ocrx_word' id='word_1_222' title='bbox 1159 3283 1195 3361; x_wconf 89' lang='lat' dir='ltr'>in</span> <span class='ocrx_word' id='word_1_223' title='bbox 1232 3280 1502 3380; x_wconf 82' lang='lat' dir='ltr'>Logarithmis3</span> <span class='ocrx_word' id='word_1_224' title='bbox 1535 3282 1669 3388; x_wconf 84' lang='lat' dir='ltr'>politio</span> <span class='ocrx_word' id='word_1_225' title='bbox 1692 3289 1732 3368; x_wconf 85' lang='lat' dir='ltr'>in</span> <span class='ocrx_word' id='word_1_226' title='bbox 1760 3287 1917 3364; x_wconf 84' lang='lat' dir='ltr'>numetis</span> <span class='ocrx_word' id='word_1_227' title='bbox 1947 3297 1993 3352; x_wconf 71' lang='lat' dir='ltr'>rt·</span> 
     </span>
     <span class='ocr_line' id='line_1_26' title="bbox 620 3399 1526 3510; baseline -0.004 -30"><span class='ocrx_word' id='word_1_228' title='bbox 620 3399 854 3510; x_wconf 70' lang='lat' dir='ltr'>presentatur</span> <span class='ocrx_word' id='word_1_229' title='bbox 879 3425 944 3504; x_wconf 86' lang='lat' dir='ltr'>per</span> <span class='ocrx_word' id='word_1_230' title='bbox 969 3405 1084 3508; x_wconf 82' lang='lat' dir='ltr'>ipsum</span> <span class='ocrx_word' id='word_1_231' title='bbox 1108 3399 1399 3504; x_wconf 81' lang='lat' dir='ltr'>Logatithmum.</span> <span class='ocrx_word' id='word_1_232' title='bbox 1521 3445 1526 3454; x_wconf 91' lang='lat'><strong>·</strong></span> 
     </span>
    </p>
   </div>
   <div class='ocr_carea' id='block_1_3' title="bbox 710 3611 1788 3951">
    <p class='ocr_par' dir='ltr' id='par_1_6' title="bbox 710 3611 1788 3951">
     <span class='ocr_line' id='line_1_27' title="bbox 710 3611 1788 3734; baseline 0.012 -42"><span class='ocrx_word' id='word_1_233' title='bbox 710 3611 780 3715; x_wconf 75' lang='lat' dir='ltr'>Ipsi</span> <span class='ocrx_word' id='word_1_234' title='bbox 799 3613 839 3689; x_wconf 72' lang='grc' dir='ltr'>η’</span> <span class='ocrx_word' id='word_1_235' title='bbox 860 3617 1053 3720; x_wconf 84' lang='lat' dir='ltr'>respondet</span> <span class='ocrx_word' id='word_1_236' title='bbox 1079 3642 1098 3694; x_wconf 83' lang='lat' dir='ltr'>e</span> <span class='ocrx_word' id='word_1_237' title='bbox 1121 3615 1215 3714; x_wconf 85' lang='lat' dir='ltr'>Lug.</span> <span class='ocrx_word' id='word_1_238' title='bbox 1233 3642 1269 3695; x_wconf 84' lang='lat' dir='ltr'>n.</span> <span class='ocrx_word' id='word_1_239' title='bbox 1756 3663 1788 3734; x_wconf 51' lang='grc' dir='ltr'>Δ.</span> 
     </span>
     <span class='ocr_line' id='line_1_28' title="bbox 744 3731 1493 3834; baseline 0.007 -29"><span class='ocrx_word' id='word_1_240' title='bbox 744 3823 748 3830; x_wconf 15' lang='grc' dir='ltr'><strong>β</strong></span> <span class='ocrx_word' id='word_1_241' title='bbox 790 3755 848 3813; x_wconf 83' lang='lat' dir='ltr'>nn</span> <span class='ocrx_word' id='word_1_242' title='bbox 1120 3733 1206 3834; x_wconf 87' lang='lat' dir='ltr'>Lug</span> <span class='ocrx_word' id='word_1_243' title='bbox 1242 3731 1438 3832; x_wconf 82' lang='lat' dir='ltr'>n-l-Log.</span> <span class='ocrx_word' id='word_1_244' title='bbox 1460 3757 1493 3810; x_wconf 88' lang='lat' dir='ltr'>n.</span> 
     </span>
     <span class='ocr_line' id='line_1_29' title="bbox 791 3847 1268 3951; baseline 0 -22"><span class='ocrx_word' id='word_1_245' title='bbox 791 3873 816 3926; x_wconf 88' lang='lat' dir='ltr'>n</span> <span class='ocrx_word' id='word_1_246' title='bbox 1119 3847 1268 3951; x_wconf 87' lang='lat' dir='ltr'>Log.n.</span> 
     </span>
    </p>
   </div>
   <div class='ocr_carea' id='block_1_4' title="bbox 628 4053 2055 4402">
    <p class='ocr_par' dir='ltr' id='par_1_7' title="bbox 628 4053 2055 4402">
     <span class='ocr_line' id='line_1_30' title="bbox 717 4053 2055 4165; baseline -0.018 -21"><span class='ocrx_word' id='word_1_247' title='bbox 717 4059 853 4150; x_wconf 72' lang='lat' dir='ltr'>Contra</span> <span class='ocrx_word' id='word_1_248' title='bbox 886 4063 1058 4142; x_wconf 80' lang='lat' dir='ltr'>extrattio</span> <span class='ocrx_word' id='word_1_249' title='bbox 1085 4068 1124 4142; x_wconf 87' lang='lat' dir='ltr'>in</span> <span class='ocrx_word' id='word_1_250' title='bbox 1159 4066 1318 4148; x_wconf 82' lang='lat' dir='ltr'>numeris</span> <span class='ocrx_word' id='word_1_251' title='bbox 1350 4055 1620 4162; x_wconf 73' lang='lat' dir='ltr'>representatur</span> <span class='ocrx_word' id='word_1_252' title='bbox 1646 4087 1712 4165; x_wconf 86' lang='lat' dir='ltr'>pet</span> <span class='ocrx_word' id='word_1_253' title='bbox 1741 4063 1946 4144; x_wconf 82' lang='lat' dir='ltr'>divisionem</span> <span class='ocrx_word' id='word_1_254' title='bbox 1967 4053 1996 4124; x_wconf 80' lang='lat' dir='ltr'>it</span> <span class='ocrx_word' id='word_1_255' title='bbox 2054 4109 2055 4114; x_wconf 18' lang='lat' dir='ltr'>i</span> 
     </span>
     <span class='ocr_line' id='line_1_31' title="bbox 628 4172 1997 4286; baseline -0.004 -32"><span class='ocrx_word' id='word_1_256' title='bbox 628 4172 899 4272; x_wconf 75' lang='lat' dir='ltr'>Logarithmis,</span> <span class='ocrx_word' id='word_1_257' title='bbox 928 4181 1051 4259; x_wconf 75' lang='lat' dir='ltr'>divisio</span> <span class='ocrx_word' id='word_1_258' title='bbox 1082 4187 1121 4263; x_wconf 92' lang='lat' dir='ltr'>in</span> <span class='ocrx_word' id='word_1_259' title='bbox 1155 4187 1315 4261; x_wconf 85' lang='lat' dir='ltr'>numeris</span> <span class='ocrx_word' id='word_1_260' title='bbox 1352 4180 1621 4286; x_wconf 78' lang='lat' dir='ltr'>repraesentatur</span> <span class='ocrx_word' id='word_1_261' title='bbox 1645 4207 1712 4286; x_wconf 86' lang='lat' dir='ltr'>per</span> <span class='ocrx_word' id='word_1_262' title='bbox 1740 4183 1997 4262; x_wconf 66' lang='lat' dir='ltr'>subtractionem</span> 
     </span>
     <span class='ocr_line' id='line_1_32' title="bbox 628 4277 1991 4402; baseline -0.004 -31"><span class='ocrx_word' id='word_1_263' title='bbox 628 4293 667 4372; x_wconf 84' lang='lat' dir='ltr'>in</span> <span class='ocrx_word' id='word_1_264' title='bbox 695 4291 948 4390; x_wconf 81' lang='lat' dir='ltr'>logarithmis.</span> <span class='ocrx_word' id='word_1_265' title='bbox 1009 4297 1078 4374; x_wconf 88' lang='lat' dir='ltr'>Sed</span> <span class='ocrx_word' id='word_1_266' title='bbox 1102 4325 1166 4398; x_wconf 86' lang='lat' dir='ltr'>per</span> <span class='ocrx_word' id='word_1_267' title='bbox 1182 4301 1269 4402; x_wconf 88' lang='lat' dir='ltr'>quid</span> <span class='ocrx_word' id='word_1_268' title='bbox 1294 4297 1561 4399; x_wconf 78' lang='lat' dir='ltr'>repraesentatur</span> <span class='ocrx_word' id='word_1_269' title='bbox 1581 4303 1729 4396; x_wconf 82' lang='lat' dir='ltr'>negatio</span> <span class='ocrx_word' id='word_1_270' title='bbox 1754 4303 1792 4378; x_wconf 91' lang='lat' dir='ltr'>in</span> <span class='ocrx_word' id='word_1_271' title='bbox 1821 4277 1991 4391; x_wconf 71' lang='lat' dir='ltr'>numeris?</span> 
     </span>
    </p>
   </div>
   <div class='ocr_carea' id='block_1_5' title="bbox 631 4407 2054 4603">
    <p class='ocr_par' dir='ltr' id='par_1_8' title="bbox 631 4407 2054 4603">
     <span class='ocr_line' id='line_1_33' title="bbox 631 4407 2054 4522; baseline 0.01 -36"><span class='ocrx_word' id='word_1_272' title='bbox 631 4407 850 4515; x_wconf 84' lang='lat' dir='ltr'>Respondeo</span> <span class='ocrx_word' id='word_1_273' title='bbox 870 4413 909 4489; x_wconf 89' lang='lat' dir='ltr'>id</span> <span class='ocrx_word' id='word_1_274' title='bbox 930 4437 1006 4494; x_wconf 91' lang='lat' dir='ltr'>nun</span> <span class='ocrx_word' id='word_1_275' title='bbox 1035 4415 1135 4522; x_wconf 86' lang='lat' dir='ltr'>polle</span> <span class='ocrx_word' id='word_1_276' title='bbox 1161 4410 1336 4512; x_wconf 75' lang='lat' dir='ltr'>inveniri,</span> <span class='ocrx_word' id='word_1_277' title='bbox 1365 4417 1448 4518; x_wconf 80' lang='lat' dir='ltr'>quia</span> <span class='ocrx_word' id='word_1_278' title='bbox 1469 4419 1508 4493; x_wconf 90' lang='lat' dir='ltr'>in</span> <span class='ocrx_word' id='word_1_279' title='bbox 1532 4415 1783 4498; x_wconf 84' lang='lat' dir='ltr'>descendendo</span> <span class='ocrx_word' id='word_1_280' title='bbox 1809 4420 1852 4496; x_wconf 86' lang='lat' dir='ltr'>ab</span> <span class='ocrx_word' id='word_1_281' title='bbox 1876 4419 1993 4492; x_wconf 70' lang='lat' dir='ltr'>extrue·</span> <span class='ocrx_word' id='word_1_282' title='bbox 2053 4457 2054 4500; x_wconf 82' lang='lat' dir='ltr'>l</span> 
     </span>
     <span class='ocr_line' id='line_1_34' title="bbox 1399 4523 1997 4603; baseline -0.015 -11"><span class='ocrx_word' id='word_1_283' title='bbox 1399 4531 1402 4536; x_wconf 83' lang='lat'>&#39;</span> <span class='ocrx_word' id='word_1_284' title='bbox 1914 4523 1997 4603; x_wconf 76' lang='lat' dir='ltr'>liunt</span> 
     </span>
    </p>
   </div>
   <div class='ocr_carea' id='block_1_6' title="bbox 0 0 2107 5558">
    <p class='ocr_par' dir='ltr' id='par_1_9' title="bbox 0 0 2107 5558">
     <span class='ocr_line' id='line_1_35' title="bbox 0 0 2107 5558; baseline 0 0"><span class='ocrx_word' id='word_1_285' title='bbox 0 0 2107 5558; x_wconf 95' lang='lat' dir='ltr'> </span> 
     </span>
    </p>
   </div>
  </div>
 </body>
</html>
