4288 5564
211 385 547 472 LEIBNITH'
575 387 650 467 Μ’
705 385 1314 482 BERNOULLHAEarsa.
1343 391 1489 468 CXXV.
1529 405 1574 484 63

30 573 31 576 κ
152 553 242 612 rom
277 555 357 608 non
386 526 471 606 esset
497 527 523 606 rr
549 534 719 612 vitruma
747 535 902 634 fuligine
934 537 1192 616 turbulentum
1221 537 1313 614 lucis
1343 541 1576 616 vivacitatem
1597 531 1702 604 ¹70¹·

154 651 359 730 imminuit.
425 645 541 741 Quod
579 666 697 730 autem
734 655 887 743 scribas,
922 653 947 730 st
983 655 1165 734 tantillum
1197 669 1387 732 moveatur
1416 656 1563 742 lucere,
1592 615 1736 692 offis·

153 770 222 848 eui
249 771 315 848 lux
341 791 423 844 non
459 764 499 844 fit
535 767 739 849 admodum
767 773 912 864 vivida3
942 771 1120 851 indicium
1147 776 1277 876 utique
1309 773 1422 849 estin
1459 775 1564 850 itine-

152 915 196 966 re
234 888 328 964 nihil
364 887 515 962 abricio
548 888 706 985 phialam
740 887 935 990 irreptum
962 891 1045 968 alias
1075 895 1199 980 enim,
1228 889 1255 967 s1
1291 890 1349 968 vel
1379 891 1563 968 tantillum

153 1003 470 1107 irrepnucrstua
491 1005 548 1080 vel
577 1011 733 1082 omnino
765 1007 934 1084 suffocata
966 1007 1083 1096 foret,
1111 1011 1170 1086 vel
1197 1006 1339 1086 nonnisi
1370 1009 1566 1088 vehemen-

155 1123 301 1201 cissimis
322 1126 578 1220 agitationibus
600 1143 813 1226 appareret,
832 1127 869 1202 Sc
893 1123 1045 1226 quidem
1071 1126 1297 1230 scintillatim
1319 1141 1484 1218 tantum,
1504 1152 1565 1205 ve-

29 1251 30 1274 *
156 1244 216 1320 lut
244 1267 290 1318 ex
318 1240 432 1318 silice.
451 1239 618 1336 excomm
653 1246 741 1322 loco·
779 1243 882 1346 quoi
922 1241 949 1318 sr'
977 1244 1100 1341 phiala
1117 1245 1161 1320 ab
1190 1253 1270 1322 a'e're
1299 1245 1392 1320 bene
1418 1259 1566 1324 vacuata

160 1363 231 1442 eli,
254 1349 348 1447 lux,
378 1383 459 1459 quae
481 1375 629 1461 apparet
654 1361 776 1448 facile,
805 1365 913 1438 etiarn
940 1365 1115 1439 continua
1146 1361 1215 1450 est,
1243 1361 1350 1437 instar
1381 1362 1561 1454 flanrmae,

162 1481 199 1554 ic
233 1477 351 1578 replet
380 1492 498 1554 totam
534 1483 615 1554 vitri
642 1465 844 1566 cavitatem,
865 1478 925 1555 sed
953 1477 1062 1556 velim
1086 1493 1128 1554 ut
1160 1481 1273 1554 etiam·
1310 1478 1395 1553 scias
1426 1482 1463 1555 in
1493 1494 1568 1558 tam

163 1601 278 1698 parvis
309 1595 484 1683 vasculis,
518 1597 624 1697 quale
650 1594 734 1675 l‘ibi
766 1621 882 1674 unum
904 1595 1009 1686 misr,
1039 1599 1160 1674 lucem
1191 1611 1265 1672 tam
1301 1595 1459 1674 vividam
1483 1622 1565 1678 non

164 1710 228 1790 else
256 1739 372 1816 quam
400 1713 438 1789 in
459 1715 678 1810 majoritum
715 1718 804 1817 quid
828 1717 926 1791 enim
949 1731 1024 1792 tam
1055 1717 1186 1814 exigua
1211 1717 1317 1813 copia
1345 1718 1487 1812 argenti
1516 1719 1568 1792 vi·

163 1833 234 1909 ridi
265 1829 411 1909 efficere
437 1829 588 1930 pollet?
618 1836 710 1911 Sunt
729 1825 820 1910 mihi
844 1829 920 1910 vasa
943 1834 1134 1931 grandiora
1163 1854 1324 1933 quorum
1353 1833 1444 1908 lucis
1468 1835 1573 1910 fauo-⁴

51 1955 53 1961 '
164 1975 199 2026 re
219 1953 256 2026 in
286 1951 667 2028 tenebriecommode
696 1954 833 2051 digitos
864 1951 901 2026 &
929 1951 1068 2028 litteras·
1090 1948 1305 2048 majusculae
1343 1950 1567 2050 distinguere

164 2067 302 2168 pollam.
346 2067 554 2156 Caeterum,
581 2071 682 2168 quod
717 2072 753 2146 hi
789 2067 1098 2169 meiPhosphori
1129 2068 1285 2165 longum
1309 2069 1375 2144 iter
1409 2069 1565 2167 perferre

166 2185 332 2286 possunt,
354 2179 437 2261 noe
454 2205 572 2262 meam
597 2187 711 2284 hujus·
732 2189 823 2264 lucis·
853 2190 1105 2285 generationis
1129 2185 1417 2285 explicationem
1440 2182 1567 2264 mirifi-

166 2325 206 2380 ce
229 2301 447 2394 confirmat3
479 2301 506 2378 fi
537 2309 635 2382 enim
676 2307 739 2382 illa
770 2309 981 2406 proveniret
1007 2331 1026 2384 a
1067 2304 1314 2406 peculiaribus
1343 2305 1565 2404 quibusdam

167 2421 349 2522 particulis
379 2423 525 2518 ignitis,
553 2423 590 2498 in
628 2427 810 2501 mercurio
838 2449 914 2501 nno
948 2426 1216 2524 potiusquam
1245 2424 1282 2497 in
1312 2421 1384 2498 alio
1411 2424 1563 2498 natanti-

167 2541 254 2625 bus,
276 2553 320 2616 ut
353 2539 483 2614 voluat
508 2543 681 2618 nonnulli
710 2534 943 2650 Parrj'r'eufi’ss
992 2539 1060 2643 qui·
1085 2540 1125 2616 fit
1150 2553 1192 2614 ut
1222 2537 1315 2634 illa,
1352 2563 1371 2614 a
1402 2539 1562 2616 violenta

170 2659 307 2731 itineris
331 2657 538 2753 bibitione,
564 2683 641 2734 non
666 2659 782 2734 statim
814 2658 1052 2756 diffipentur;
1077 2655 1255 2754 siquidem
1284 2676 1348 2752 per
1372 2675 1485 2751 poros
1509 2655 1561 2730 vi·

169 2777 215 2848 tri
237 2773 376 2850 facilius
404 2773 495 2852 elabi
523 2773 689 2872 pollent,
720 2799 833 2877 quarn
856 2799 903 2852 ex·
930 2777 1029 2874 poris
1051 2771 1247 2856 mercurii,
1278 2781 1424 2868 rat-pote
1444 2769 1559 2869 longe
1619 2815 1623 2820 ·

27 2973 28 2981 Ν
169 2891 431 2988 angustioribus
456 2912 466 2968 ε
495 2893 587 2970 adeo
624 2909 665 2970 ut
694 2896 751 2972 vel
784 2895 872 2971 hinc
910 2906 1048 2992 pateat,
1089 2889 1208 2966 lucem
1240 2888 1313 2964 mei
1353 2885 1558 2988 phosphori

170 3009 370 3108 dependere
393 3035 470 3088 oon
493 3035 512 3088 a
535 3014 721 3111 particulis
742 3011 958 3115 quibusdam
985 3005 1304 3110 permanentibus,
1334 3004 1396 3081 sed
1410 3005 1455 3080 ab
1475 3007 1559 3082 uni·

27 3207 29 3214 ,
169 3129 289 3206 versali
310 3129 470 3230 quadam
504 3134 675 3222 materia,
704 3156 771 3233 per
798 3154 912 3230 poros
947 3129 1148 3224 mercurii,
1181 3139 1358 3226 tanquam
1389 3145 1456 3225 per
1487 3125 1560 3204 cri

170 3245 298 3334 brum,
326 3251 507 3326 continuo
533 3246 686 3327 fluentis.
713 3248 821 3328 Hisce
850 3248 928 3328 vale
954 3247 991 3324 δι
1016 3245 1105 3322 fave.

259 3443 448 3536 <aromaca
477 3444 524 3526 8'.
559 3437 651 3527 ibris
680 3463 783 3542 1701.

853 3625 1096 3735 lrnpmudini
1124 3621 1213 3706 Tuae
1238 3617 1480 3708 Derotiilima

930 3841 942 3856 “
1065 3828 1384 3909 attrabata«
1475 3903 1479 3910 .

224 4035 262 4116 P.
294 4037 331 4116 S.
356 4029 446 4114 Vidi
479 4035 515 4111 in
544 4025 759 4136 Diplomate
799 4050 886 4112 meo
907 4030 1139 4110 mentionem
1161 4029 1238 4106 fieri
1262 4017 1554 4134 privilegiommss

172 4155 208 4230 δε
232 4159 550 4256 praerogativarum
582 4156 697 4232 Sociis
724 4151 913 4228 Societrtis·
940 4135 1247 4252 Brandrburgicae
1279 4137 1549 4230 concessarum

169 4291 310 4372 gratum
350 4271 436 4351 esset
466 4267 670 4372 intelligere
711 4263 804 4368 quid¹
828 4263 896 4342 sr'nt
933 4268 969 4340 δι
1003 4269 1040 4342 in
1073 4279 1147 4367 quo
1179 4264 1394 4345 confiliant:
1425 4255 1548 4342 Item,

168 4395 282 4492 qualia
317 4391 446 4470 habeat
475 4389 619 4468 societas
647 4389 771 4461 statuta
804 4379 841 4460 δι
871 4381 993 4478 leges3
1022 4398 1189 4488 optarem
1218 4391 1327 4466 etiam
1343 4373 1554 4458 Elenchum

168 4514 338 4592 umrrium
353 4511 548 4590 Sociorum
578 4499 749 4587 halleuus
782 4499 987 4583 eletlorum
1290 4571 1293 4580 ,
1357 4567 1360 4577 ,
1395 4597 1541 4691 Em
