4166 5558
592 443 662 515 azo
830 427 1280 512 conuenerunt
1324 431 1775 508 rrrsrorrcuu.

591 593 655 652 nro
679 569 859 663 successu,
888 573 985 674 apud
1012 569 1110 649 urbis
1141 568 1312 651 Proceres
1335 573 1372 649 tr
1398 571 1600 652 Academia
1631 577 1850 670 Curatores,
1891 599 1999 679 quos

490 741 499 760 .
594 691 751 782 visendi,
785 705 825 769 ut
858 689 1049 778 medicus,
1087 687 1248 766 crebram
1280 689 1419 768 ‘habeat
1463 692 1704 770 occasionem.
1776 688 2000 791 Respondit

595 801 757 908 lignatus
792 807 893 886 Dno.
924 804 1285 885 Mrcnrroero
1322 823 1433 908 prout
1459 811 1510 885 rei
1537 815 1628 888 ratio
1659 814 1804 908 exigere
1820 813 1997 888 ..videba-

595 938 663 1003 tur.
713 923 862 1026 Scripsrt
885 947 1032 1026 quoque
1065 947 1124 999 rne
1153 924 1321 1002 suadente
1344 925 1389 1002 ad
1415 925 1542 1002 Dnum
1569 922 1751 1002 Abbntem
1769 923 1797 1003 F
1808 953 1864 1004 un
1879 951 1996 1004 nar·

592 1067 724 1132 sarr,
766 1057 806 1120 ut
836 1046 976 1142 inquo
1014 1041 1103 1116 statu
1143 1063 1198 1116 res
1227 1041 1294 1122 sue
1324 1039 1440 1120 essent
1460 1037 1628 1119 Veneriis
1663 1045 1803 1130 sciret,
1839 1047 1877 1121 de
1915 1046 1993 1122 huc

592 1185 740 1266 quoque
772 1151 923 1260 operam
952 1159 1048 1236 suam
1089 1157 1243 1258 dirigere
1276 1157 1390 1236 vellet.
1454 1158 1543 1239 Haec
1576 1162 1723 1262 quidem
1748 1163 1784 1236 &
1807 1159 1898 1238 Tibi
1918 1161 1994 1238 fine

591 1301 692 1356 mora
724 1277 976 1380 perscribenda
1011 1277 1124 1363 duxi,
1158 1277 1314 1377 utquid
1348 1299 1460 1375 porro
1495 1281 1600 1355 rebus
1634 1276 1683 1356 su:
1712 1279 1885 1356 stantibus
1919 1280 1993 1356 sac-

507 1399 511 1405 ’
590 1411 630 1472 tu
667 1421 759 1495 opus
783 1393 848 1481 fit,
879 1413 1016 1470 mature
1040 1392 1227 1470 deliberes.
1292 1391 1408 1487 Quod
1440 1397 1585 1472 interim
1621 1397 1660 1471 in
1702 1405 1861 1472 mentem
1900 1395 1990 1473 Tibi

590 1517 690 1591 venit
724 1513 769 1588 de
803 1513 917 1612 sparta
946 1511 1007 1587 isla
1040 1509 1132 1584 mihi
1168 1509 1232 1608 ipsi
1263 1509 1545 1604 demandanda,
1578 1537 1703 1590 vereor
1748 1514 1990 1614 vehementer

587 1645 631 1707 ut
656 1653 817 1729 unquam
846 1631 1004 1728 atiquem
1029 1625 1225 1704 successum
1256 1628 1371 1706 sortiri
1397 1627 1516 1730 possiti
1567 1629 1673 1706 Nosti
1701 1635 1795 1708 enim
1825 1655 1888 1706 me
1915 1629 1990 1706 elle

586 1761 802 1834 uxoratum,
839 1747 970 1822 imo&
999 1743 1187 1821 numerosa
1214 1745 1346 1822 nmilia
1379 1747 1577 1834 onustum,
1607 1748 1701 1824 unde
1720 1747 1985 1826 difficillimum
2029 1734 2031 1742 ¹

585 1867 684 1942 soret
722 1880 860 1940 mutare
896 1861 1160 1950 domicilium,
1209 1861 1272 1937 nisr
1302 1864 1418 1940 forsan
1458 1864 1665 1942 consultum
1683 1867 1906 1966 putaveris,
1941 1878 1989 1942 ut

584 1980 863 2060 Hannonem
897 1981 1071 2078 exemplo
1104 1983 1232 2056 mein
1266 1979 1478 2057 sexennium
1506 1979 1739 2079 adstingam,
1771 1983 1830 2069 dc,
1858 1981 1979 2058 relitia

583 2099 747 2186 sensilia,
787 2121 857 2198 pro
881 2121 926 2173 eo
957 2111 1126 2192 ternpore
1158 2091 1589 2198 eata-nnis‘nsennm
1619 2101 1678 2175 sed
1707 2097 1858 2186 dubito,
1886 2121 1979 2174 num

580 2215 785 2295 Academia
824 2214 920 2290 illius
949 2213 1142 2292 Curatores
1166 2212 1306 2291 lautum
1338 2211 1417 2290 satis
1447 2209 1614 2294 salarium
1638 2215 1767 2292 offerre
1800 2215 1972 2303 vellent,

584 2334 687 2436 quod
722 2333 874 2433 suscepti
912 2328 1050 2407 consilii
1087 2332 1124 2406 dt
1159 2345 1265 2408 tantae
1298 2336 1513 2409 mutationis
1553 2333 1843 2431 magnitudinem
1884 2333 1977 2410 ada·

582 2465 700 2552 quet:
726 2446 791 2528 nisr
821 2453 918 2526 enim
939 2449 1093 2524 fortunae
1119 2439 1267 2546 infignis
1291 2449 1498 2527 melioratio
1531 2449 1788 2527 evidentillime
1810 2463 1975 2549 pateret,

579 2571 702 2664 patriis
735 2569 868 2646 laribus
898 2591 956 2642 me
981 2565 1094 2642 avelli.
1117 2587 1196 2642 non
1230 2579 1378 2668 paterer.
1440 2560 1538 2644 Binis
1571 2568 1710 2646 vicibus
1739 2571 1974 2646 vocationem

583 2675 870 2804 Ultrajesiinarn
894 2683 1035 2785 respui,
1062 2685 1223 2784 quamvis
1250 2681 1461 2760 honorificis
1490 2683 1763 2762 conditionibus
1785 2685 1970 2784 stipatam
2066 2751 2067 2783 p

580 2803 618 2880 da
646 2803 761 2880 modo
800 2817 882 2879 ante
919 2805 1117 2878 triennium
1153 2802 1340 2900 repudiavi
1370 2801 1425 2878 bis
1458 2801 1558 2878 mille
1590 2799 1751 2880 florenos
1784 2813 1971 2880 annuos'a
2065 2867 2066 2885 r

577 2911 827 3026 Leydenstbus
857 2918 1021 3012 oblatos,
1047 2941 1132 2995 curn
1155 2909 1373 2994 Prosefforio
1405 2942 1579 3008 munere,
1609 2934 1652 2997 ut
1677 2919 1722 2997 de
1744 2919 1969 2996 emolumen·
2064 2963 2065 2989 r

577 3042 624 3114 tis
655 3039 947 3116 extraordinariis
976 3037 1133 3136 quaein
1177 3036 1377 3112 academiis
1405 3023 1639 3114 Hailandiets
1680 3037 1859 3114 ordinaria
1896 3037 1968 3110 sere
2062 3131 2063 3140 ἶ

577 3153 743 3252 superant
775 3151 866 3232 nihil
901 3155 1021 3232 dicam
1046 3209 1058 3240 ,
1103 3151 1221 3252 qualia
1251 3155 1289 3228 iu
1309 3152 1513 3232 Academiis
1543 3147 1687 3231 Italirir
1708 3179 1787 3232 non
1811 3155 1961 3237 dantur,

577 3284 620 3347 ut
661 3273 781 3350 audivi
816 3275 860 3349 ab
888 3270 1214 3366 Hermanno,
1242 3271 1279 3346 dc
1321 3269 1464 3348 aliunde
1492 3270 1591 3346 idern
1629 3270 1882 3350 confirmatum
1908 3269 1965 3346 ha-

575 3389 658 3468 beo.
712 3387 813 3467 A'tlde
843 3389 945 3491 quod
989 3388 1178 3465 discrimen
1217 3384 1421 3486 Religionis
1455 3411 1518 3486 me
1549 3387 1652 3464 valde
1682 3385 1888 3484 moveret,
1926 3397 1965 3461 ut

474 3535 481 3548 ·
574 3501 696 3584 I'taz'ia
721 3501 928 3612 praeferrem
954 3497 1144 3607 Belgimn:
1173 3528 1254 3605 quae
1284 3509 1408 3582 omnia
1431 3519 1571 3582 tantum
1604 3507 1781 3606 ponderis
1808 3507 1959 3586 habent,

573 3645 617 3702 ut
647 3627 802 3728 superari
830 3648 907 3701 non
937 3615 1092 3723 pulsant,
1131 3620 1194 3697 nisr
1216 3623 1369 3699 notabili
1394 3621 1548 3700 fortuna
1587 3639 1823 3722 augmento,
1864 3617 1961 3723 quod

573 3741 609 3818 se
638 3763 686 3820 err
729 3739 842 3819 italio
874 3741 1029 3818 offerret.
1079 3737 1203 3817 Tuum
1229 3762 1317 3816 vero
1345 3737 1413 3816 hac
1435 3741 1480 3816 de
1512 3763 1552 3814 re
1573 3741 1752 3836 judicium
1782 3744 1819 3818 da
1850 3735 1960 3816 consr-

542 3859 663 3936 ‘lium
695 3861 861 3938 lubenter
889 3859 1069 3936 audivero.
1133 3855 1313 3934 Caeterum
1347 3856 1438 3934 reste
1468 3855 1604 3956 iudicas
1630 3883 1709 3934 rem
1743 3863 1792 3934 ita
1823 3879 1955 3956 geren·

571 3975 657 4054 darn
690 3976 777 4066 else,
815 3992 963 4054 utnon
998 3997 1157 4079 procus,
1187 3973 1247 4051 sed
1277 3975 1485 4052 sollicitatus
1517 3974 1637 4052 videar
1655 4003 1666 4062 3
1694 3979 1829 4054 etenim
1861 3975 1956 4050 sama

570 4116 660 4169 meae
704 4117 778 4170 non
816 4099 909 4171 bene
938 4096 1173 4178 conveniret,
1206 4089 1340 4193 sipost
1381 4107 1436 4168 tot
1471 4089 1688 4168 honorificas
1727 4095 1954 4170 invitationes

568 4212 666 4288 ultro
701 4213 791 4288 mihi
817 4214 987 4300 oblatae,
1021 4212 1202 4287 diceretur
1226 4233 1287 4286 me
1313 4205 1494 4288 ambivisle
1524 4211 1715 4287 stationem
1756 4209 1952 4285 derelisianr

569 4329 613 4406 ab
642 4329 946 4422 Hermanno,
981 4332 1043 4427 qui
1072 4331 1107 4402 in
1143 4327 1331 4406 nonnullis
1369 4324 1574 4424 Discipulus
1602 4343 1703 4406 meus
1731 4327 1821 4403 fuit:
1859 4323 1950 4401 causa

466 4513 474 4530 ,
565 4445 647 4525 hec
673 4449 750 4538 est,
789 4471 897 4547 quare
924 4447 996 4542 ipse
1031 4463 1109 4520 non
1127 4442 1324 4546 scripserim
1352 4443 1453 4526 Dno.
1483 4441 1510 4522 F
1521 4469 1544 4520 a
1560 4465 1794 4548 austun,
1817 4443 1877 4522 sed
1893 4457 1949 4542 pet

566 4580 739 4663 agnatum
768 4565 872 4643 scribi
901 4564 1112 4641 curaverim*

1891 4679 1951 4760 Pro
