4134 5554
182 375 280 448 HI
296 299 408 440 ll'tt'r
421 359 792 441 btrur‘ffultlt
804 365 830 430 0
848 361 1038 448 vult,
1064 359 1434 444 EPIST.·CLXXVIII.
1463 377 1540 452 225.

123 497 286 576 subinde
331 497 440 584 etiam
478 500 517 574 in
547 495 707 577 chartam
717 499 899 597 conjicio
919 521 1076 602 novas,
1117 523 1198 602 qun
1236 500 1329 578 forte
1367 500 1533 578 incidunt
1558 517 1662 588 17¹0

121 619 402 714 cogitationes,
433 639 481 694 ne
507 616 615 716 plane
645 629 823 714 pereant,
852 613 916 692 sed
936 618 999 692 uix
1024 615 1165 718 aliquid
1182 619 1374 696 elaborare
1396 630 1532 718 potero
1551 599 1632 696 Jffll

124 733 269 810 mallo
305 757 466 833 genere,
498 748 692 835 antequam
725 732 913 812 Historicis
939 732 1123 812 laboribus
1150 736 1254 817 suero
1291 733 1525 833 defundus,

124 851 234 950 quod
263 853 358 930 intra
387 851 579 931 biennium
608 849 693 939 liet,
720 849 808 930 Deo
836 850 1010 944 volente3
1045 854 1162 931 modo
1194 854 1328 938 scilicet
1355 853 1525 932 valetudo

123 969 165 1044 &
195 972 268 1046 vita
296 994 374 1048 eo·
385 969 499 1071 usque
530 970 699 1046 durent.
718 967 811 1048 Sane
835 969 1043 1047 valetudine
1077 995 1176 1051 nunc
1202 974 1332 1049 iterum
1356 993 1527 1071 percom
1815 1061 1816 1066 Ν

121 1087 243 1164 moda
274 1099 386 1176 utor,
412 1083 475 1168 etii
505 1085 593 1166 hac
600 1085 734 1189 hyeme
758 1086 973 1174 lietbriticos
1006 1085 1172 1178 assultus.
1208 1089 1393 1234 aliaque
1381 1112 1525 1169 mcom-
1668 1191 1671 1196 Δ

122 1203 243 1282 moda
270 1203 454 1282 senserim.
1802 1205 1805 1222 ¹

187 1319 381 1410 Dominus
409 1321 673 1430 Buanaeus
697 1316 763 1422 pe'r
795 1324 936 1424 aliquot
958 1321 1173 1422 septimanus
1200 1321 1296 1424 apud
1323 1345 1390 1400 noe
1424 1330 1522 1426 egit

120 1437 167 1514 te
200 1439 466 1518 humanitatem
496 1441 654 1532 Tuam,
688 1440 1059 1544 communicandique
1085 1441 1319 1531 facilitatem,
1357 1455 1399 1519 ut
1423 1457 1535 1518 caete-1

124 1579 184 1634 eas
212 1557 323 1644 dotes
352 1571 513 1648 motam,
541 1581 612 1660 pro
643 1561 776 1638 merito
803 1557 999 1636 laudavit„
1037 1549 1197 1638 Mecum
1228 1557 1378 1635 subinde
1410 1562 1523 1659 egit,

124 1672 188 1751 sed
216 1699 296 1754 non
332 1690 405 1752 tam
434 1677 562 1758 crebro
588 1677 695 1755 licuit
721 1699 764 1752 ac
792 1671 990 1752 voluissem.
1056 1677 1165 1756 Certe
1196 1675 1242 1760 de
1268 1677 1372 1762 ratiis
1407 1677 1553 1756 locuti·

125 1789 261 1878 sumus.
308 1791 533 1887 Discede-m,
561 1795 686 1872 litteris
709 1786 919 1870 Hanovero
942 1783 1209 1900 Guelfebytum
1233 1793 1394 1892 scriptia,
1421 1819 1524 1874 ame
1572 1855 1576 1858 -

125 1907 316 1988 historicae
345 1911 515 2012 quasdam
543 1914 692 1994 notitias
716 1908 936 1991 desideravit,
984 1909 1160 2012 Resoripli
1183 1925 1227 1990 ut
1247 1924 1338 1990 tunc
1371 1913 1522 2012 quidem

125 2041 333 2128 poteram,
364 2029 426 2106 sed
455 2053 501 2106 an
531 2029 901 2129 responsumrmeum
931 2034 1140 2132 acceperit,
1178 2029 1329 2122 nesci03
1360 2053 1446 2110 nam
1473 2053 1521 2109 ex

123 2167 205 2246 quo
238 2143 443 2223 Honovera
473 2145 648 2235 discesit,
680 2145 773 2229 nihil
793 2149 870 2244 ejua
890 2147 991 2236 vidi,
1012 2151 1051 2226 tc
1081 2170 1161 2250 quae
1187 2150 1228 2224 in
1254 2135 1418 2238 Batauis
1436 2164 1520 2248 agat

124 2283 197 2362 pro
224 2278 325 2364 parte
354 2286 401 2342 ex
429 2258 520 2344 Tuir
556 2265 739 2361 intelligo.
798 2261 898 2340 Facit
930 2266 1063 2354 reon,
1104 2261 1143 2342 ά
1182 2287 1254 2366 pro
1297 2267 1519 2363 gratitudine
1658 2321 1660 2328 J

128 2403 242 2480 quam
276 2379 363 2458 Tibi
389 2381 520 2470 debet,
546 2382 653 2483 quod
688 2403 763 2458 rem
796 2378 916 2460 Tuam
950 2381 1047 2483 apud
1078 2379 1163 2458 illoa
1199 2395 1310 2460 curat.
1360 2379 1441 2482 Ego
1476 2383 1522 2460 de

129 2501 289 2598 negotio
319 2493 383 2574 tali
412 2497 604 2588 eonsilium
629 2501 711 2576 dare
737 2521 817 2577 non
842 2498 970 2577 audeo.
1017 2499 1104 2578 Tibi
1127 2496 1296 2576 laentlnm
1319 2503 1445 2578 omnia
1477 2521 1524 2580 ex

118 2619 255 2698 ,annm
286 2628 390 2716 opto,
445 2615 621 2718 Excerpta
644 2615 887 2718 Epistularum
907 2631 1055 2724 tuarum
1085 2619 1126 2693 in
1162 2605 1420 2721 Miscellaneis
1454 2607 1525 2694 Be,

127 2725 360 2842 rolinerfibus
383 2735 555 2832 prodiere
589 2727 679 2839 (t),
714 2738 824 2827 etiam
853 2757 933 2836 quae
961 2736 1006 2814 ad
1036 2727 1276 2837 Craugianam
1312 2745 1524 2810 controver-

129 2848 215 2928 siam
246 2853 438 2957 pertinent
497 2851 726 2952 Exetnplaria
764 2851 860 2952 apud
889 2852 1116 2955 Bibliopolas
1148 2851 1255 2950 vidi,
1282 2848 1344 2928 sed
1378 2849 1524 2929 nullum

127 2967 298 3046 baslenus
322 2959 488 3045 Berollno
522 2975 666 3070 accepit
699 2971 853 3071 expedio
875 2983 1025 3058 tamen,
1056 2994 1125 3051 nec
1152 2969 1282 3049 dubito
1309 2969 1418 3052 etiam
1436 2967 1525 3048 Tibi

127 3083 349 3280 {templum
378 3083 522 3170 millum
543 3091 608 3187 iri3
628 3091 679 3173 ita
701 3091 803 3174 enirn
831 3085 973 3174 dudum
997 3089 1233 3170 constipatum
1260 3089 1332 3177 est,
1363 3109 1423 3164 nte
1448 3086 1524 3173 sua·

145 3227 388 3458 'eflGr'atillima
413 3323 504 3406 mibi
534 3326 603 3401 etit
626 3327 734 3401 etiam
768 3326 921 3421 junioris
956 3323 1035 3404 Dni
1069 3323 1424 3406 Sennucuzaar
1453 3345 1522 3456 no·
1593 3299 1602 3306 ’

127 3557 240 3634 multa
262 3559 325 3636 hic
350 3562 388 3635 in
417 3553 525 3646 casu,
551 3556 621 3634 srve
642 3559 787 3636 fortuna
816 3555 878 3635 sita
902 3559 970 3636 elle
972 3613 1185 3640 .........

209 3673 250 3750 Si
283 3675 466 3754 Durninus
495 3673 657 3774 lignatus
686 3675 812 3766 Tuus,
851 3679 923 3776 juri
959 3676 1048 3756 dans
1087 3700 1274 3778 operam,
1318 3681 1446 3768 urgeat
1481 3668 1519 3754 ἃ

127 3790 290 3888 perficiat
331 3808 443 3894 caepta
485 3791 614 3872 Fratris
653 3791 728 3874 Tui
756 3791 912 3877 Domini
953 3785 1389 3874 Jacobibentrouunt
1424 3787 1520 3864 circa
1680 3895 1682 3899 Ι

130 3907 376 3998 estimationes
392 3933 396 3939 “
415 3913 733 4014 probabiliorum,
764 3912 871 3991 saciet
900 3936 978 3994 rem
1007 3909 1234 3992 militinam.
1297 3903 1378 4004 Ego
1403 3895 1519 4002 jarria

129 4045 242 4124 puero
274 4029 349 4107 hoc
379 4047 636 4130 argumentum
661 4028 837 4127 uersari,
877 4043 966 4108 tunc
1000 4030 1177 4127 imprimis
1211 4045 1298 4102 eum
1339 4026 1408 4122 juri
1458 4020 1519 4098 da·

129 4163 203 4220 rem
229 4169 400 4246 operam,
430 4151 468 4224 δι
502 4147 550 4223 de
579 4149 826 4246 conjedluris,
867 4145 1043 4233 indiciis,
1080 4142 1448 4244 presumptionibus,
1478 4141 1517 4220 ¹dt

130 4263 299 4356 gradibus¹
315 4266 575 4365 probationum
602 4267 722 4341 minus
749 4261 963 4362 plenarum,
984 4261 1294 4363 semi-plenarum,
1313 4260 1513 4362 plenarum,

224 4369 321 4459 Tum
359 4375 418 4461 lt.
950 4375 1011 4462 Fs
1415 4373 1517 4452 limi·

197 4533 384 4629 (1.)T0m
412 4539 439 4610 1.
479 4563 553 4638 pag.
582 4555 680 4630 173-
664 4548 781 4628 -.185
807 4535 973 4632 uelOpp.
999 4536 1099 4608 Tum
1128 4535 1155 4608 I.
1180 4529 1251 4610 Nu,
1275 4526 1512 4607 LXXVII.

133 4631 355 4732 XXIX,
376 4638 565 4731 LXXX
594 4637 828 4728 LXXXII,
854 4661 930 4734 pag
959 4652 1060 4731 437·
1069 4649 1153 4727 452
