4134 5554
565 401 639 494 243
740 391 1862 510 corerRcrurrrrrsrorrcurr.

390 582 495 653 1711,
562 543 628 620 sibi
666 549 804 624 sumere
840 547 1029 648 patiemur.
1085 539 1279 641 Sperabam
1322 537 1392 616 tale
1431 564 1451 614 a
1489 537 1554 616 La
1582 535 1766 638 H1u10‚
1800 540 1863 619 sed
1899 541 1971 622 illa

385 665 478 740 Febr.
565 663 665 763 spem
697 688 816 741 meam
850 664 1030 750 destituit,
1063 662 1100 737 dc
1129 661 1166 735 in
1182 655 1307 756 Opere
1322 657 1369 734 de
1388 648 1722 761 Epicycloidalib'us
1748 681 1877 736 revera
1910 664 1971 737 in.

566 764 807 859 finitesrrnales
834 781 980 856 adhibet
1004 783 1098 856 inter
1126 773 1468 863 demonstrandum,
1493 772 1556 850 etsi
1592 776 1668 854 hoc
1688 775 1901 856 dissimulet.
2049 861 2050 866 a

643 899 749 978 Dnus
776 897 1042 976 Buuuurus
1080 893 1250 995 Episcopi
1288 889 1424 981 Filius,
1460 915 1507 968 ex
1533 917 1608 994 quo
1644 894 1733 970 hinc
1765 893 1927 972 discesllt
1953 899 1971 983 ,“’

565 1018 643 1098 huc
669 1039 748 1093 non
776 1011 942 1113 scripsit,
985 1009 1173 1091 &litteris
1214 1011 1339 1105 meis,
1370 1010 1501 1109 quibus
1541 1010 1586 1088 ad
1628 1014 1968 1110 interrogationem

571 1133 766 1237 quamdam
792 1133 869 1228 ejus
895 1130 1186 1231 responderam,
1220 1125 1310 1202 nihil
1342 1128 1511 1226 reposuit.
1571 1127 1624 1204 Ut
1652 1129 1745 1206 adeo
1782 1131 1966 1228 ignorem

568 1254 659 1352 quid
690 1268 802 1349 agat,
827 1249 865 1324 dc
898 1262 1021 1327 utrum
1048 1248 1166 1326 adhuc
1192 1248 1232 1324 in
1260 1235 1427 1324 Batavis
1449 1243 1636 1342 versetur,
1676 1269 1723 1324 an
1751 1243 1798 1324 ad
1820 1239 1965 1349 Angsor

521 1403 524 1406 ·
566 1367 726 1444 redierit.
1611 1387 1618 1398 ‘

624 1483 733 1562 Dnus
772 1481 1168 1560 Hiarsosrsesns
1206 1479 1427 1580 objesliones
1465 1481 1635 1582 quasdam
1665 1505 1764 1559 meas
1794 1484 1864 1565 suae
1896 1509 1966 1586 ap·

565 1601 713 1700 pandici
744 1600 1036 1698 conjetlurarnm
1055 1585 1195 1702 [suites
1212 1591 1269 1681 des
1296 1587 1520 1704 asnjeitures·
1535 1591 1735 1705 Pdpfiquer
1749 1595 1841 1710 (r)]
1868 1625 1964 1680 cum

564 1716 858 1818 responsronibus
884 1717 1038 1794 inseruit.
1097 1715 1168 1792 Sed
1189 1709 1311 1793 obiter
1334 1722 1640 1795 tantum-minuta
1669 1717 1834 1818 quaedam
1870 1723 1963 1798 tetis

566 1857 691 1931 geram
724 1837 821 1912 circa
855 1833 965 1924 salia,
994 1837 1088 1912 circa
1116 1833 1328 1933 mineralia,
1357 1835 1424 1912 tac.
1467 1829 1580 1912 Nunc
1606 1857 1689 1912 cum
1722 1857 1747 1911 u
1765 1859 1826 1911 me
1849 1837 1961 1914 intel-

566 1949 724 2040 lexisset,
750 1952 852 2028 milri
871 1965 1013 2034 atomos
1041 1951 1195 2049 persetle
1229 1951 1359 2048 duras,
1385 1953 1422 2028 dr
1451 1955 1612 2052 primum
1638 1937 1960 2053 elementumperss

565 2067 662 2144 ferta
690 2066 871 2146 fluiditatis
897 2091 974 2144 non
1003 2069 1176 2168 probari,
1202 2065 1369 2167 expressit
1401 2092 1420 2144 a
1445 2091 1505 2169 rne
1530 2074 1687 2146 rationes
1714 2069 1841 2168 judicii
1865 2072 1956 2157 mei.

566 2179 696 2287 scripsi}
719 2187 778 2272 ei,
810 2185 901 2262 mihi
933 2189 1114 2262 rationem
1144 2184 1323 2282 duritiei,
1357 2197 1406 2262 ut·
1429 2188 1556 2263 omnia
1593 2210 1770 2288 corporea
1786 2243 1805 2276 ,,
1839 2187 1958 2264 videri

565 2300 818 2400 explicandam
845 2326 912 2402 per
938 2304 1078 2380 causam
1103 2301 1354 2380 mechanicam
1386 2323 1520 2404 nempe
1554 2319 1785 2404 permotum
1809 2303 1960 2404 conspi-

562 2431 720 2504 rantem,
744 2421 808 2520 qui
834 2443 900 2518 per
933 2419 1197 2520 separationem
1227 2419 1424 2508 turbetur,
1450 2443 1561 2520 quam
1591 2424 1699 2496 etiam
1728 2419 1845 2498 Tuam
1884 2419 1957 2497 esse

559 2533 775 2611 sententiam
806 2535 1001 2639 aliquando
1039 2535 1204 2614 intellexi
1232 2530 1304 2638 (2).
1351 2533 1416 2618 lue
1447 2539 1487 2612 in
1519 2537 1750 2638 responsione
1787 2537 1894 2637 fingit
1921 2537 1956 2612 sc

560 2673 639 2727 non
672 2652 874 2751 intelligere
908 2656 998 2755 quid
1036 2657 1186 2731 monstri
1217 2650 1258 2729 srt
1285 2664 1406 2733 motus
1432 2654 1671 2753 conspirans,
1708 2655 1746 2730 dc
1786 2655 1954 2763 dubitare

560 2791 604 2842 an
633 2791 709 2844 non
734 2770 918 2846 coincidet
943 2793 1029 2847 cum
1062 2775 1185 2870 quiete
1213 2761 1440 2875 Carteficma.
1504 2757 1715 2859 Dinaeam,
1747 2769 1773 2844 ss
1804 2773 1954 2850 durities
2051 2782 2052 2854 l

557 2881 602 2960 s1t
622 2884 770 2986 qualitas
801 2885 964 2986 quadam
1000 2889 1147 2965 occulta
1185 2891 1398 2987 primitiva,
1434 2912 1511 2966 non
1541 2887 1642 2989 posse
1681 2887 1854 2990 explicari
1888 2885 1954 2962 nisr

560 3022 626 3097 per
661 3003 883 3082 miraculum.
931 3003 1058 3105 Itaque
1086 3002 1222 3082 necesse
1255 3005 1323 3083 else
1345 3019 1402 3082 vut
1431 3007 1604 3107 explicari
1635 3005 1741 3106 poisat
1769 3031 1834 3106 per
1869 3003 1953 3081 Me-

561 3115 794 3198 chanisnrunr.
845 3119 911 3199 Ille
940 3139 1048 3220 negat
1075 3145 1199 3198 meum
1237 3122 1485 3224 principium,
1525 3121 1628 3222 quod
1661 3130 1785 3200 omnia
1818 3145 1953 3222 corpo·

559 3255 619 3306 rea
646 3235 858 3316 mechanica
883 3237 951 3315 srnt
974 3239 1208 3340 explicanda:
1237 3243 1351 3340 prima
1373 3245 1470 3320 enim
1503 3241 1563 3346 illa
1588 3239 1747 3340 pendere
1776 3265 1794 3315 a
1819 3241 1953 3344 volun-

561 3363 634 3424 tate
665 3347 748 3426 Dei.
797 3353 909 3446 Quasi
937 3357 1104 3434 voluntas
1128 3355 1199 3435 Dei
1228 3381 1304 3435 non
1343 3361 1478 3434 nitatur
1512 3359 1710 3434 rationibus
1740 3358 1867 3434 sumtis
1905 3377 1952 3430 ex

559 3481 683 3546 natura
716 3467 887 3566 subjesii,
921 3484 983 3546 aut
1017 3471 1114 3570 quall
1140 3471 1242 3552 Deus
1264 3449 1429 3575 'aliquam
1460 3474 1637 3550 astionem
1670 3475 1878 3572 producens
1913 3475 1949 3546 in

558 3585 797 3684 corporibus,
834 3609 909 3664 non
940 3589 1119 3686 producat
1154 3615 1219 3688 per
1252 3595 1383 3670 modos
1419 3605 1553 3668 naturae
1584 3615 1711 3668 eornm
1743 3611 1951 3690 congruen-

559 3713 626 3776 tes.
662 3703 802 3778 Sed&
826 3706 938 3782 multa
966 3704 1031 3782 alia
1063 3709 1238 3803 promit,
1273 3733 1338 3808 per
1364 3733 1442 3808 quae
1473 3722 1620 3809 apparet
1647 3713 1684 3783 in
1716 3712 1839 3807 primis
1868 3707 1949 3806 phi·

560 3815 776 3916 losoplsandi
818 3825 1004 3923 principiis
1043 3822 1139 3900 haud
1168 3845 1296 3922 parurn
1340 3827 1383 3902 ab
1422 3825 1500 3926 ipso
1527 3824 1703 3912 aberrari,
1737 3843 1949 3928 quanquam

961 3956 965 3964 ’
1473 3979 1476 3984 -
1910 3937 1947 4014 id

560 4135 566 4146 1

616 4140 675 4230 (sl
709 4141 775 4216 Vid.
797 4149 975 4222 lllemoires
995 4154 1038 4224 dc
1059 4153 1220 4224 'srevoux
1249 4169 1354 4242 1712.
1385 4157 1479 4232 Mars
1495 4150 1541 4242 &5
1553 4153 1705 4228 Auris&
1725 4153 1867 4248 Journal
1888 4149 1942 4226 des

560 4244 637 4316 sav.
670 4241 728 4315 Ed.
758 4245 841 4312 Harl.
869 4255 943 4320 Dec.
974 4269 1078 4336 1712.
1101 4249 1146 4333 sd
1170 4259 1267 4341 Janv.
1301 4267 1403 4342 1713.

620 4333 680 4428 (a)
708 4337 779 4412 ml.
815 4344 908 4434 epar.
938 4353 1005 4420 rr.
1034 4345 1078 4432 es
1107 4350 1194 4424 rur.
