4166 5558
407 645 475 740 Jnl.

590 397 662 478 aar
829 383 1788 471 conmarcrnnrrrrrotrcun.
1930 395 1940 414 ·

413 555 518 633 1716
587 535 668 606 tatis
690 529 913 630 procedant,
930 545 973 606 ut
996 530 1073 606 aliis
1094 527 1169 606 hoc
1195 527 1325 606 vitium
1354 526 1574 636 exprobrare
1599 522 1778 619 audeant3
1799 511 1984 634 Qirtuss

587 635 674 722 serit
706 641 913 733 Gracchos,
941 649 1058 722 dcc...
1254 693 1405 722 ......

646 763 703 841 De
725 760 995 862 Disceptatione
1017 695 1297 862 Philosophica,
1320 785 1401 863 quae
1425 698 1493 839 tibi
1515 760 1567 836 cst
1597 781 1684 836 cum
1707 755 1983 844 Cerauno,

586 879 677 956 nihil
708 893 789 958 ante
818 879 1076 958 intellexeram.
1125 877 1229 956 Ex”
1204 903 1247 956 ns
1275 901 1356 976 quar
1381 879 1489 956 refers
1507 861 1617 956 video
1637 873 1730 954 nihil
1752 869 1828 954 tam
1852 873 1980 952 absur-

498 1007 503 1016 '
585 998 673 1072 dum
700 993 851 1096 proferri
877 993 976 1096 polle
1005 1020 1025 1073 a
1051 995 1339 1084 Nawrono,
1332 998 1501 1190 quod
1495 997 1588 1072 inter
1612 980 1747 1096 Angsos
1766 1013 1845 1120 ιιοιι
1869 995 1975 1070 inre-

583 1119 659 1190 niat
672 1111 848 1190 Patronus
870 1137 911 1190 ac
934 1111 1149 1190 Defensores
1167 1115 1300 1194 suos.

539 1407 543 1414 .
582 1345 680 1424 Hinc
694 1289 845 1435 dubito,
863 1288 987 1425 utrum
1006 1347 1081 1426 hoc
1100 1285 1241 1427 tantum
1263 1347 1307 1426 ab
1328 1289 1409 1448 ipsas
1422 1345 1466 1424 sas
1464 1278 1770 1434 contemnaris:
1786 1283 1972 1444 utagnos·

579 1477 663 1540 cant
691 1464 985 1542 Narvronnm
1012 1489 1128 1544 errare
1148 1463 1268 1568 posse,
1297 1481 1359 1544 aut
1391 1467 1547 1543 omnino
1569 1467 1689 1568 aliqua
1713 1461 1751 1540 io
1767 1487 1805 1538 re
1826 1457 1964 1539 errasse.

578 1579 676 1658 Mihi
695 1605 845 1684 quoqne
858 1581 999 1660 dudum
1024 1581 1155 1659 absona
1171 1584 1243 1661 visa
1268 1585 1318 1660 est
1339 1587 1416 1683 ejus
1439 1582 1601 1662 dostrina
1630 1586 1677 1662 de
1699 1579 1895 1686 spontanea
1915 1580 1967 1654 vi-

576 1701 672 1774 rium
698 1697 941 1777 diminutione
967 1699 1171 1778 &tandem
1186 1697 1379 1778 cessatione
1396 1704 1435 1778 in
1458 1701 1622 1778 mundo:
1645 1699 1824 1801 fiquidem
1848 1697 1966 1796 perse

576 1815 804 1892 clarillimum
826 1815 916 1892 mihi
943 1820 1091 1921 apparet
1107 1819 1245 1896 nullam
1267 1823 1341 1896 vim
1358 1818 1512 1905 destrui,
1531 1843 1611 1919 quae
1633 1841 1711 1895 non
1725 1813 1830 1891 simul
1857 1813 1964 1890 effec-

574 1947 656 2012 tum
679 1935 762 2009 edat
785 1931 851 2008 srbi
875 1933 1178 2033 aequivalentem
1206 1939 1290 2037 quia
1326 1933 1419 2012 nihil
1444 1934 1562 2012 tendit
1580 1933 1624 2012 ad
1656 1935 1709 2012 sui
1731 1931 1960 2010 annihilatio-

574 2072 685 2126 nem:
705 2047 849 2128 effeilns
879 2065 1002 2127 antem
1019 2049 1111 2126 nihil
1130 2053 1179 2128 est
1193 2052 1290 2130 aliud
1308 2075 1415 2151 quarn
1441 2054 1494 2128 nis
1512 2051 1583 2153 ipsa
1602 2050 1773 2128 efficienti
1800 2050 1961 2128 substitu-

573 2179 642 2253 ta,
677 2169 725 2243 ita
753 2182 795 2245 ut
820 2169 987 2247 eamdem
1016 2170 1145 2244 uirium
1164 2173 1400 2270 quantitatem
1429 2169 1557 2248 servari
1588 2164 1725 2246 necesse
1753 2165 1804 2244 fit
1862 2155 1960 2244 Dicit

573 2281 727 2360 Nawr
743 2307 875 2363 onus
892 2285 1025 2361 alicubi
1036 2286 1074 2359 in
1090 2281 1286 2392 Principiis
1305 2273 1529 2392 Philofirpbiae
1542 2275 1750 2364 Naturalis
1771 2273 1958 2391 (r),Vor·

575 2398 665 2478 tices
700 2401 852 2480 caelestes
870 2403 1112 2482 Cnnrasrr
1137 2402 1223 2480 ideo
1238 2402 1378 2480 admitti
1397 2423 1473 2480 non
1489 2403 1714 2506 posse,'quia,
1735 2403 1787 2478 ob
1802 2405 1956 2500 partium

576 2517 719 2596 suatum
749 2523 970 2598 attritionem
1005 2521 1043 2596 dr
1075 2521 1304 2608 fridioncm,
1330 2520 1476 2598 tandem
1500 2547 1520 2600 a
1546 2535 1654 2599 motu
1683 2517 1872 2598 cessarent:
1899 2515 1956 2594 sed

573 2639 646 2736 jam
669 2633 731 2712 fibi
751 2637 817 2737 ipsr
834 2636 1060 2714 contradicit.
1093 2638 1130 2716 Si
1149 2642 1267 2726 enim,
1293 2636 1491 2715 secundum
1516 2639 1655 2740 ipsum‘,
1683 2633 1955 2736 januarinum
2071 2673 2072 2736 ι

573 2756 613 2832 in
635 2751 782 2831 Mundo
798 2754 951 2860 reparari
973 2780 992 2831 a
1013 2754 1126 2849 Deo,
1147 2757 1184 2832 da
1206 2743 1282 2832 t‘ota
1302 2753 1474 2832 Machina
1492 2757 1676 2834 mundana
1700 2755 1852 2832 subinde
1871 2775 1954 2852 qna-

573 2868 601 2948 sr
620 2870 762 2948 tetendi
779 2871 888 2950 debet
898 2897 909 2965 ;
933 2889 1055 2950 annon
1072 2863 1108 2948 δι’
1124 2870 1458 2950 idem-Carnem
1469 2895 1522 2951 us
1540 2877 1578 2951 in
1595 2871 1789 2952 Vorticnm
1808 2871 1953 2947 suorum

572 2985 819 3066 defensionem
838 3011 1018 3089 reponere
1035 2987 1175 3090 posset3
1197 2987 1300 3092 qnod
1324 3010 1479 3091 nempe,
1509 2989 1613 3068 fivel
1636 2993 1794 3068 maxime
1822 3012 1886 3088 per
1904 2999 1951 3063 at·

570 3105 758 3183 tritionem
782 3105 937 3206 partium
966 3105 1004 3182 in
1025 3121 1131 3184 motu
1154 3103 1440 3196 retardarentur,
1467 3105 1571 3187 Deus
1593 3123 1713 3188 tamen
1744 3107 1950 3182 decremen-

568 3233 649 3296 tum
677 3238 798 3300 motus
818 3226 981 3304 resarcire
998 3223 1127 3324 polit,
1146 3247 1209 3302 eos
1224 3207 1445 3326 tinandoque
1463 3249 1675 3328 pernoram
1694 3219 1948 3368 impulfioncm
2070 3287 2071 3352 p

461 3362 470 3376 ’
567 3342 604 3415 iu
627 3338 810 3437 pristinam
831 3342 1053 3418 celeritatem
1071 3343 1280 3420 incitando.

647 3453 868 3554 Significavit
904 3479 1021 3558 nuper
1045 3458 1232 3539 Dominus
1260 3459 1664 3548 Mrcrratorrus,
1698 3453 1946 3539 Moderaturer

476 3641 479 3648 .
509 3625 513 3635 ·
566 3574 783 3674 Archilycaei
812 3571 1000 3654 Patavini
1019 3578 1168 3655 tandem
1187 3563 1407 3674 decrevisse,
1431 3594 1472 3656 nt
1495 3577 1657 3676 Agnatns
1684 3601 1787 3656 mens
1807 3575 1853 3654 ad
1885 3575 1945 3650 do-

565 3693 718 3769 cendam
737 3690 916 3770 lllathesm
944 3692 1136 3782 innitetur,
1159 3697 1196 3770 dt
1210 3689 1303 3770 nihil
1322 3693 1421 3772 aliud
1434 3693 1606 3795 superesse
1620 3716 1730 3797 qnam
1755 3707 1796 3772 ut
1814 3693 1945 3772 Deera
1981 3716 1985 3730 ·

563 3823 643 3886 tum
662 3810 767 3886 sunm
780 3808 932 3887 Senatui
947 3825 1180 3912 proponant,
1208 3811 1251 3888 ed
1267 3813 1342 3909 ejus
1355 3811 1674 3889 confirmationem
1689 3815 1727 3890 δι
1745 3801 1947 3890 ratificatio-

561 3947 649 3998 nem
670 3925 891 4005 habendam:
927 3921 1119 4006 llllonetut
1134 3929 1168 4005 se
1191 3929 1236 4004 ad
1258 3931 1330 4004 iter*
1351 3927 1575 4029 preparet&
1594 3930 1768 4027 instruat,
1793 3951 1870 4028 qno
1886 3925 1943 4003 sub
2069 3993 2070 4052 ,

560 4041 705 4118 initium
732 4049 892 4141 proximi
916 4046 1157 4140 Novembris,
1182 4036 1371 4124 Lectiones
1405 4048 1480 4126 snas
1511 4045 1674 4148 publicas
1703 4043 1869 4124 Patavii
1895 4047 1945 4118 in·
2069 4079 2070 4090 ι

559 4155 693 4234 choare
714 4175 829 4258 queat.
878 4160 1046 4252 Interim,
1069 4162 1174 4267 quod
1214 4163 1348 4250 miror,
1374 4161 1551 4242 solemnes
1576 4162 1702 4242 litterae
1726 4161 1942 4240 Vocationia

558 4273 728 4413 nondum
757 4277 961 4355 transmissae
998 4281 1072 4358 huc
1108 4281 1223 4370 sunt,
1258 4277 1363 4356 eth
1350 4303 1429 4378 ram
1448 4297 1531 4362 ante
1558 4280 1835 4385 sesquimensem
1869 4275 1940 4354 iere

1740 4397 1941 4476 nareae

653 4528 689 4624 (1
674 4525 712 4618 1)
741 4535 805 4632 sano
826 4535 934 4625 potius
956 4539 990 4609 in
1008 4534 1130 4629 Optitu
1154 4533 1280 4624 Quaest.
1306 4553 1362 4624 31.
