4134 5554
170 414 497 487 ztruurrtr
523 411 1175 499 ETBERNOULLffiEmsr.
1202 403 1429 484 CLXXXVL
1453 361 1525 500 25)

142 555 242 658 apud
269 551 478 633 Patavinae
508 555 615 657 poffit
642 555 743 636 Tuus
769 531 816 634 ex
838 554 959 640 Fratre
987 555 1136 656 Nepos,
1163 558 1224 657 qui
1252 577 1368 657 nuper
1394 559 1431 634 ni
1461 554 1654 663 fal-1711,¹

143 673 229 761 lor,
266 675 318 750 in·
336 666 463 749 Gallica
484 677 578 774 egit.
632 673 675 754 Id
706 671 731 750 fi
764 673 852 752 Tibi
882 697 902 750 e
934 697 970 750 re
1006 674 1185 760 uidetur,
1222 671 1527 753 communicanda
1540 670 1690 766 August>

135 801 254 866 erunt
284 787 430 867 consalin
457 815 543 868 cum
569 793 647 892 ipso
667 791 836 869 Domino
865 789 1185 882 Honorinum
1217 792 1253 866 dc
1277 787 1415 891 siquid
1438 814 1530 869 con·

142 907 237 982 ferre
263 919 420 1007 potero,
452 908 579 984 faciam
608 910 756 997 lubens,
787 907 896 997 datis,
923 905 1070 985 fivobis
1106 907 1303 994 videbitur,
1332 909 1457 992 litteris
1483 909 1529 984 ad

142 1021 328 1123 inclytum
353 1021 487 1102 Virum
517 1023 748 1103 Benrardu'm
774 1025 1160 1122 Tnurrs'nnun,
1200 1047 1311 1126 quern
1338 1028 1389 1102 ob
1425 1025 1530 1102 nobi-

134 1141 284 1218 -iitatem
313 1139 350 1218 dc
378 1139 591 1222 Dottrinam
615 1145 713 1246 apud
734 1143 930 1224 Curatores
949 1143 1149 1240 Academiae
1181 1141 1317 1248 aliquid
1334 1141 1437 1242 poffe
1452 1166 1530 1222 non

143 1257 288 1335 dubito.
348 1257 418 1336 Sed
446 1262 584 1340 ¹uellem
611 1287 689 1340 non
721 1265 937 1364 praeeipitari
970 1259 1158 1339 disceffum
1187 1259 1265 1338 Dni
1294 1255 1530 1338 Herennu-

142 1397 217 1462 nr‚
255 1375 318 1472 dc,
348 1372 375 1452 fi
405 1373 482 1455 fieri
516 1381 718 1478 commode
755 1379 886 1480 poffit,
921 1404 1035 1457 annos
1061 1382 1094 1457 ei
1116 1378 1334 1481 praestitutos
1370 1377 1529 1474 obsolii3

136 1497 192 1570 ita
220 1494 319 1568 enim
346 1493 504 1574 discedet
527 1501 666 1598 optima
689 1495 915 1598 Reipubiicae
944 1499 1083 1596 gratia,
1120 1501 1258 1598 eritque
1277 1481 1315 1570 i'n
1342 1515 1530 1572 commen-

146 1609 271 1688 dando
292 1611 459 1690 ¹ualidior.
492 1612 547 1692 'Et
578 1631 669 1719 puto
695 1639 776 1694 non
807 1615 963 1692 muitum
982 1611 1100 1691 abeffe
1122 1637 1206 1692 eum
1227 1639 1245 1691 a
1266 1625 1381 1700 meta,
1416 1615 1453 1690 dc
1480 1611 1531 1688 fa-

139 1729 218 1808 cile
243 1725 327 1804 fieri
358 1729 486 1827 poiie,
515 1747 557 1811 ut
589 1733 741 1835 aliquod
766 1731 884 1810 adhuc
910 1733 1084 1833 temporis
1112 1733 1264 1836 spatium
1289 1725 1409 1810 effluat
1433 1745 1531 1808 ante-

146 1865 259 1948 quam
299 1835 640 1942 francofurtanum
666 1851 861 1950 negotium
890 1851 1038 1949 penitus
1072 1849 1298 1928 conficiatur.
1357 1847 1432 1930 Sed
1457 1849 1534 1926 haec

146 1962 235 2040 Tibi
270 1960 408 2052 scribo,
451 1965 593 2044 fortaffe
621 1971 719 2060 enim
749 1969 825 2071 ipse
856 1965 983 2048 maliet
1000 1967 1190 2045 discedere
1218 1973 1424 2048 maturius..
1465 1964 1534 2044 lta-

146 2102 221 2182 que
247 2076 309 2156 Tu
343 2103 411 2179 pro
449 2084 640 2182 prudentia
669 2083 751 2163 Tua
779 2087 863 2164 cum
896 2109 941 2163 eo
975 2110 1069 2185 ages.
1132 2083 1328 2188 Optimum
1359 2110 1447 2164 meo
1478 2089 1533 2182 ju-

145 2197 251 2276 dicio
284 2197 374 2285 erit,
406 2211 446 2278 ut
482 2201 563 2308 ipie
597 2203 843 2288 cantoribus
874 2201 1051 2302 fignificet
1083 2208 1376 2306 appropinquare
1411 2204 1533 2280 termi-

148 2337 242 2390 num
278 2317 491 2413 temporis,
527 2321 564 2394 in
590 2317 691 2422 quod
724 2319 874 2420 operam
897 2320 1098 2397 addixerit:
1127 2323 1161 2398 se
1187 2345 1274 2400 vero
1295 2323 1462 2400 dubitare
1491 2341 1539 2395 an

149 2455 206 2509 res
232 2429 438 2512 domesticae
464 2435 584 2516 ,ferant
603 2451 651 2520 nt
679 2434 814 2518 diutius
849 2431 1032 2514 ira-Italia
1063 2437 1197 2516 haerere
1233 2437 1377 2539 poffit:
1417 2440 1539 2535 itaque
1603 2522 1610 2530 ⁸

151 2545 346 2626 confilium
382 2548 485 2628 suum
518 2568 658 2634 mature
688 2558 825 2656 aperire
853 2551 1037 2641 votuisse,
1074 2569 1116 2632 ut
1145 2557 1355 2652 tempestive
1384 2551 1427 2628 de
1462 2551 1540 2627 suc-

151 2663 289 2762 crisme
319 2671 477 2766 cogitari
501 2686 640 2774 queat:
684 2672 770 2752 inde
809 2694 880 2774 per
911 2661 1145 2748 bennonem
1180 2661 1370 2748 ostendere
1403 2669 1540 2769 poterit

151 2781 220 2861 effe
248 2779 427 2884 Juvenem
450 2791 617 2888 praeclare
644 2791 819 2868 versatum
843 2793 882 2866 in
908 2788 1015 2865 rebus
1038 2790 1299 2868 mathematicis
1324 2785 1540 2888 profundio-

151 2901 271 2989 ribus·
299 2904 363 3004 qui
387 2899 454 2980 fibi
483 2907 596 3008 sparta
631 2907 854 3009 digniffimus
884 2894 1081 2996 videatur,
1119 2907 1157 2983 dt
1187 2931 1302 3009 quem
1331 2907 1540 2982 nominatu-

152 3041 214 3094 rus
240 3015 352 3107 effer,
384 3016 493 3100 sires
520 3027 559 3101 in
586 3024 649 3104 suo
681 3028 829 3104 arbitrio
858 3026 964 3102 foret.
1028 3020 1122 3101 Eum
1151 3025 1215 3102 ubi
1253 3023 1535 3108 nominaverit,

152 3159 231 3212 non
262 3135 419 3225 dubito,
450 3144 540 3241 quin
569 3143 762 3220 valiturum
788 3142 832 3221 -srt
848 3143 904 3219 vel
926 3142 1046 3241 ipsum
1064 3129 1359 3218 Bnnouiiianunr
1383 3161 1535 3218 nomen.

152 3251 242 3330 Haec
280 3253 427 3332 consilia
455 3279 535 3335 mea
567 3264 705 3359 aperire
735 3259 822 3338 Tibi
858 3260 990 3354 volui,
1022 3261 1106 3359 quia
1129 3257 1329 3336 desiderare
1359 3257 1534 3335 videbaris

152 3385 196 3446 ut
218 3371 393 3469 praeclaro
416 3372 469 3448 illi
494 3377 615 3472 juveni
645 3377 918 3477 prospiceretur.
952 3371 1046 3451 Non
1067 3376 1196 3454 dubito
1221 3379 1310 3478 quin
1339 3373 1451 3452 iuturi
1469 3368 1536 3445 fine

153 3481 246 3562 Itali
277 3489 461 3566 non-nihil
485 3494 524 3570 in
562 3492 703 3590 Analyfi
733 3495 850 3570 nostra
882 3493 1005 3570 versati
1035 3492 1079 3569 ad
1108 3495 1261 3596 spartam
1285 3492 1385 3568 illam
1414 3481 1534 3565 Verre-
1564 3501 1568 3520 '

153 3617 233 3680 tam
268 3603 810 3703 aspiraturi,1idisceffusDni
843 3609 1120 3689 Hunnnnnr
1155 3607 1363 3689 innotescat.
1410 3605 1535 3706 ltaque

154 3720 362 3800 consultum
387 3727 476 3814 erit,
509 3739 549 3804 ut
574 3741 777 3827 prematur,
806 3729 927 3807 donec
957 3744 1149 3830 praeparata
1173 3728 1239 3804 lint
1260 3721 1394 3800 omnia

216 3830 335 3916 Mitto
367 3838 550 3938 specimen
578 3845 726 3924 Colorie
749 3837 1005 3947 Berolinrnfir‚
1028 3866 1140 3948 quem
1166 3843 1252 3921 Tibi
1276 3860 1353 3914 non
1378 3837 1536 3940 displici-

155 3971 279 4034 turum
309 3970 411 4055 puto.

214 4071 310 4150 Puto
335 4095 354 4150 a
386 4098 446 4154 me
476 4078 514 4152 in
541 4079 721 4180 prioribus
740 4081 966 4160 festinatione
991 4091 1149 4157 erratum
1181 4081 1277 4160 circa
1306 4078 1537 4159 refistentiam

157 4193 310 4290 tapetis,
338 4193 374 4268 dc
398 4193 546 4271 rettiora
568 4197 636 4274 eise
665 4221 744 4296 quae
776 4197 867 4273 olim
891 4195 1036 4296 scripu,
1063 4205 1117 4276 uti
1141 4197 1215 4301 ipse
1243 4200 1359 4302 probe
1382 4196 1532 4298 Judicas.

157 4305 307 4386 Oblitus
329 4333 426 4388 eram
452 4310 623 4388 dodrinae
648 4335 737 4388 meae
768 4314 923 4402 veteris,
955 4313 992 4392 dc
1020 4317 1139 4396 nescio
1156 4319 1351 4420 quomodo
1378 4317 1444 4396 alia
1463 4313 1540 4414 pla?

160 4445 206 4504 rte
239 4448 258 4504 a
285 4449 344 4506 me
367 4428 458 4508 dina
489 4429 753 4532 constitutaque
778 4433 960 4536 putabunt.

905 4549 983 4632 Kk
1036 4574 1060 4634 ε
1488 4549 1541 4627 Ut
