4200 5564
578 397 653 480 ise
812 377 1753 478 commanniuirriiaroiicuir·

398 539 504 612 r705.
575 517 709 618 latere,
739 520 885 622 ejusque
913 521 1191 599 continuatione
1214 513 1308 608 AF,
1342 519 1431 619 quin
1458 517 1495 592 dt
1530 517 1609 595 usus
1642 508 1722 592 sum
1749 527 1854 597 motu
1879 521 1978 597 urii-

389 622 463 724 rui·

575 639 686 718 sormi
714 663 778 740 per
805 640 935 716 tesiam
970 635 1071 726 FG,
1103 641 1207 736 cujus
1242 635 1414 713 uelocitas
1449 633 1498 710 ell
1524 625 1665 714 infinite
1689 657 1818 735 parva,
1851 660 1975 738 quam

573 781 680 858 pono
714 757 758 833 ab
787 757 997 834 attractione
1028 754 1243 856 impressam,
1272 758 1403 854 quovis
1435 767 1632 832 momento
1668 757 1843 854 temporis
1891 755 1973 834 ele-
2040 832 2044 840 ,

574 891 741 954 mentum
768 868 992 972 incipiente,
1019 873 1279 972 &durareper
1304 885 1427 958 totum
1448 868 1525 950 hoc
1552 873 1774 952 elementum
1803 895 1880 974 quo
1897 897 1971 972 pe-

570 1009 748 1093 raguntur
769 1005 891 1070 motus
919 988 1097 1090 simplices
1138 989 1274 1068 AF&
1303 985 1383 1067 ΑΗ
1420 989 1706 1091 &compositus
1728 987 1782 1068 ex'
1804 992 1846 1067 iis
1870 989 1961 1074 AG.
2040 985 2044 990 ’

570 1107 650 1200 lta,
680 1112 766 1188 licet
790 1133 860 1212 pro
887 1121 993 1186 niotu
1025 1110 1142 1208 gravis
1170 1109 1243 1206 jam
1275 1110 1450 1188 continue
1466 1107 1966 1200 crescente,introducaotur
2041 1095 2045 1104 ’

565 1227 701 1307 infiniti
730 1242 852 1305 motus
878 1225 1105 1316 uniformes,
1136 1226 1233 1303 idem
1258 1239 1380 1314 tamen
1417 1226 1543 1325 prodit
1572 1230 1607 1301 in
1640 1225 1723 1329 ipsis
1746 1225 1965 1326 assignabili·

561 1343 631 1422 bus
656 1341 833 1434 effestus,
861 1349 924 1445 qui
950 1363 1074 1422 motus
1106 1347 1281 1422 continue
1311 1348 1443 1422 mutati
1479 1342 1751 1448 suppositione,
1786 1345 1964 1444 idemque

561 1477 716 1544 conatus
750 1461 951 1540 recedendi
981 1486 1001 1538 a
1027 1473 1186 1554 centtu3
1213 1464 1250 1538 lit
1278 1479 1402 1542 reuera
1430 1465 1596 1564 reperio,
1625 1461 1826 1564 siaequales
1848 1460 1961 1550 'fint,

561 1596 713 1658 conatus
737 1583 801 1680 qui
824 1581 1048 1678 imprimitur
1073 1604 1092 1656 a
1120 1583 1327 1678 gravitate,
1352 1579 1390 1656 &
1419 1595 1572 1658 conatus
1599 1579 1796 1659 recedendi
1826 1604 1847 1658 a
1870 1602 1961 1658 cen

449 1765 452 1770 .
556 1709 648 1788 tro,
676 1696 929 1786 altitudinem,
956 1719 1037 1798 quae
1062 1700 1165 1807 graui
1183 1697 1247 1786 dat
1271 1697 1500 1790 uelocitatem
1515 1699 1790 1788 circulationis,
1815 1693 1884 1818 esse
1903 1716 1962 1775 ra-

559 1814 614 1893 dii
634 1816 881 1894 circulationis
905 1813 1104 1892 dimidiam.
1430 1874 1434 1884 ,

634 1932 739 2011 Licet
761 1945 887 2010 autem
912 1933 952 2006 iii
984 1929 1072 2011 Diri.
1100 1931 1450 2012 Viriououir
1477 1937 1713 2013 meditatione
1739 1935 1855 2022 multa
1884 1934 1960 2018 fint

562 2049 714 2150 pulchra
740 2049 777 2126 ἃ
799 2047 1008 2148 ingeniosa,
1037 2051 1250 2150 veritatique
1283 2054 1428 2149 optime
1458 2052 1743 2148 consentientia3
1771 2057 1810 2130 in
1832 2079 1878 2132 eo
1902 2069 1959 2136 ta-

564 2189 651 2243 men
672 2171 737 2244 ivit
766 2169 804 2242 ln
834 2165 1044 2254 diuersum,
1070 2189 1154 2244 meo
1184 2165 1351 2266 judicio,
1374 2169 1482 2272 quod
1514 2187 1659 2248 motuni
1682 2174 1721 2246 iii
1745 2171 1878 2249 lineola
1892 2176 1960 2249 in-

560 2281 693 2361 finities
718 2283 857 2362 infinite
896 2307 1002 2385 parva
1040 2281 1113 2362 FG
1131 2285 1198 2380 [in
1220 2281 1331 2388 ipsius
1360 2285 1475 2386 ligura
1493 2285 1625 2366 dicitur
1657 2285 1958 2381 curuantur

550 2403 826 2506 ¹acceleratum3
847 2399 950 2505 quod
978 2404 1085 2478 etiam
1104 2401 1168 2489 Tu
1193 2403 1303 2496 sacis,
1324 2405 1364 2480 dt
1387 2405 1470 2492 sane
1496 2407 1535 2481 iii
1571 2407 1745 2506 potestate
1768 2407 1820 2482 est
1832 2427 1957 2508 ,quoa

560 2521 659 2602 niam
698 2519 859 2599 attraslio
896 2521 1064 2606 centralis
1094 2520 1194 2598 uelut
1223 2523 1379 2618 gravitas
1413 2524 1580 2626 quadam
1610 2525 1759 2623 concipi
1794 2525 1954 2650 po‘test3

562 2659 690 2716 uerum
713 2639 927 2726 enimvero,
956 2638 1034 2715 lioc
1056 2635 1206 2738 posito,
1232 2637 1367 2725 lineola
1392 2635 1496 2731 FG,
1519 2641 1576 2720 uel
1603 2638 1698 2729 LP,
1723 2663 1799 2717 non
1823 2643 1955 2750 reprae-

557 2753 673 2836 feritat
700 2771 875 2844 conatum
903 2749 1148 2853 centrifugutn
1177 2756 1261 2852 [vel
1282 2761 1508 2842 eontrarium
1540 2761 1616 2856 ejus
1638 2759 1881 2836 attrasiorium
1904 2759 1953 2838 ad

555 2887 723 2950 centrum
750 2897 827 2978 quo
856 2873 930 2974 ipse
958 2871 1208 2970 destruitur];
1237 2874 1320 2972 quia
1348 2877 1386 2950 in
1409 2889 1514 2952 motu
1541 2878 1754 2958 accelerato
1777 2877 1954 2956 velocita-

551 2999 609 3065 tes
630 3015 706 3068 non
733 2990 813 3068 sunt
841 3005 883 3068 ut
911 2991 1129 3070 altitudines.
1183 2987 1351 3082 Cononis
1380 3005 1504 3080 autem
1541 2993 1606 3078 iste
1645 2997 1951 3138 paracentricus,

555 3123 599 3187 ut
622 3108 793 3196 velocitas
815 3111 988 3214 quaedam
1004 3107 1258 3194 confederatur

626 3223 722 3302 Mihi
751 3251 859 3319 vero,
891 3243 1036 3312 motum
1064 3251 1130 3329 per
1149 3225 1223 3306 PG
1251 3239 1292 3308 ut
1320 3227 1542 3306 uniformem
1569 3227 1764 3338 spectanti,
1792 3231 1952 3320 eamli·

412 3383 415 3392 ·
553 3342 705 3426 areolam
729 3367 797 3444 pro
825 3365 960 3428 conatu
991 3349 1242 3446 paracentrico
1270 3343 1442 3422 assumere
1472 3347 1583 3435 licet,
1606 3349 1950 3446 breviqueratioci-

554 3465 705 3550 natione
735 3466 858 3540 omnia
873 3464 1073 3556 ,constant3
1103 3466 1151 3542 ita
1181 3479 1222 3541 ut
1249 3485 1343 3564 opus
1373 3487 1451 3540 non
1474 3461 1519 3557 sit,
1541 3465 1588 3541 ad
1622 3481 1727 3546 ,arcus
1760 3461 1951 3544 Parabola-

550 3603 636 3658 rum
665 3580 906 3666 osculantium
922 3580 1125 3679 confugere
1145 3605 1154 3657 :
1178 3585 1342 3682 quamvis
1369 3581 1473 3658 facile
1492 3583 1690 3682 intelligam
1711 3605 1834 3660 earum
1853 3607 1949 3686 quo·

552 3721 627 3798 que
658 3724 730 3802 ope
753 3700 797 3778 ad
823 3701 975 3798 eandem
1013 3697 1288 3777 conclufionem
1314 3698 1444 3797 debere
1466 3704 1654 3800 perveniri.
1701 3685 1848 3778 interim
1865 3725 1948 3800 gra·

555 3820 615 3892 tiae
640 3815 745 3895 Diio.
787 3815 1089 3896 Vnitioitort
1106 3842 1156 3894 io
1185 3817 1332 3915 agendae
1363 3815 1471 3907 suot,
1499 3819 1604 3918 quod
1635 3839 1711 3894 reni
1745 3817 1839 3894 hanc
1875 3819 1948 3894 dis-

554 3934 720 4011 cutiendi
754 3937 985 4020 occasionem
1024 3934 1188 4024 dederit,
1222 3957 1301 4034 quae
1341 3957 1419 4009 noii
1462 3935 1607 4013 inutiles
1636 3932 1945 4021 considerationes

557 4049 704 4148 prabet.
763 4051 809 4132 Et
836 4055 912 4133 ficri
936 4055 1077 4156 potest,
1101 4071 1144 4140 ut
1164 4051 1332 4131 nonnulli
1355 4051 1413 4128 alii
1440 4054 1535 4134 inter
1549 4052 1840 4131 ratiocinandum
1863 4077 1945 4130 reni

554 4167 763 4264 tetigerint,
797 4195 872 4248 uno
901 4197 1022 4252 errore
1049 4173 1203 4250 alterum
1226 4172 1447 4268 corrigente.
1477 4169 1567 4249 Haec
1596 4173 1709 4270 igitur
1732 4169 1798 4270 ipsi
1834 4167 1939 4248 Dno.

553 4279 916 4370 Vnirioitouio
945 4295 1060 4392 prima
1090 4287 1278 4368 occasione
1313 4287 1557 4389 significabo:
1588 4289 1706 4365 nolim
1736 4291 1836 4364 enlm
1875 4283 1943 4364 Vi·

551 4425 634 4480 tum
663 4407 852 4502 egregium
869 4409 907 4480 iri
923 4404 1087 4506 suspenso
1103 4431 1258 4484 manere.
1291 4405 1445 4486 Gratum
1466 4407 1666 4509 aliquando
1683 4407 1750 4484 erit
1771 4407 1941 4505 accipere

550 4517 855 4602 considerationes
868 4523 987 4615 Tuas,
1017 4527 1053 4605 δι
1077 4527 1172 4609 inter
1190 4523 1616 4614 diademonllrationcm
1635 4548 1741 4610 more
1758 4521 1941 4602 Veterum
2033 4543 2036 4548 ·

546 4637 768 4727 adornatam
1798 4629 1940 4751 Greoo·
