4200 5564
212 413 640 500 raraurrrrar
673 409 1088 508 aaruooaarr,
1115 401 1283 486 arrii.
1312 389 1390 488 ou.
1471 417 1535 494 121
1845 375 1851 382 ”

480 759 1065 900 aaronem
1138 798 1227 902 cl,
1333 884 1392 896 .,

167 989 721 1130 aauuouuurr
777 1043 889 1124 AD
948 1039 1502 1188 uaraM1r1uM

138 1289 194 1358 De
242 1285 504 1368 CHEYNAEI
552 1282 658 1370 aitqua
690 1271 802 1370 Μὲεηλι
831 1283 970 1350 tattone
1006 1275 1057 1346 De
1086 1273 1437 1366 Momffipms
1479 1302 1533 1366 115

400 1373 1034 1464 CHEYNAEUMAm'madverfiouilrus
1057 1369 1128 1476 &a

301 1529 381 1670 Vir
407 1566 657 1694 Amplissrme
684 1583 808 1688 atque¹
833 1569 1102 1657 celeberrime
1108 1583 1291 1680 ,Fautor
1315 1573 1402 1664 Ho

704 1683 970 1813 noranlltme

249 1915 384 2024 'Inoa
409 1951 488 2016 tam
526 1933 732 2014 diuturnam
757 1931 920 2012 ΤΜΜΜ
910 1957 948 2012 Μ
976 1935 1235 2038 respondendo
1269 1941 1654 2040 morarn31am17o4

245 2059 387 2164 plures
402 2052 509 2155 elapsa
532 2052 615 2130 suut
627 2043 790 2140 menses,
808 2051 954 2154 quod
932 2075 1001 2154 pet
1021 2052 1086 2132 La
1109 2058 1402 2142 Taenarum
1430 2052 1523 2136 Gal·
1545 2044 1708 2130 Deoefflb

145 2145 248 2260 lana,
276 2169 389 2278 Angli
416 2170 597 2270 cuiusdam
627 2168 760 2246 nobilis
784 2165 1000 2270 Ephorum,
1029 2163 1273 2253 Hanovernm
1300 2179 1523 2278 petiturum,

144 2279 297 2368 Litteras
325 2315 423 2372 meas
448 2289 591 2370 ultimas
621 2284 667 2363 ad
691 2283 747 2362 Te
777 2287 959 2377 miserim,
987 2287 1037 2366 ad
1070 2311 1159 2388 quas
1194 2306 1316 2374 tamen
1347 2293 1437 2378 nihil
1459 2295 1529 2376 rel-

147 2405 284 2500 ponsa
274 2434 313 2486 Μ
342 2407 443 2488 hunc
467 2405 579 2506 usque
614 2402 712 2484 (irem
741 2406 876 2504 accepi.
918 2403 977 2482 Ne
1003 2404 1077 2482 sola
1110 2412 1178 2494 iret
1208 2407 1265 2488 Cl.
1288 2406 1526 2494 Vounear

147 2517 325 2622 Epistola,
361 2523 514 2626 paucula
549 2521 625 2598 haec
651 2521 707 2619 ari
711 2524 805 2598 icere
836 2519 965 2613 volui,
992 2521 1106 2604 multa
1130 2529 1235 2606 enim
1266 2549 1344 2626 quae
1375 2527 1535 2605 scribam

150 2661 222 2720 non
252 2643 383 2724 habeo.
442 2638 646 2756 Respondit
673 2638 763 2714 mihi
796 2634 1119 2731 carrarias,
1162 2640 1341 2742 simulque
1368 2640 1466 2720 tr'ans
1462 2643 1537 2720 naiss

150 2753 188 2832 lit
213 2759 382 2844 schedam¹
419 2758 539 2844 luam,
579 2777 713 2854 quam,
738 2753 822 2855 post
858 2753 1023 2855 acceptas
1049 2783 1145 2840 meas
1178 2755 1538 2860 animadversiones,

149 2873 349 2956 inl-ibrum
366 2875 472 2954 suum
485 2875 579 2975 typis
595 2873 800 2969 evulgavit:
813 2870 885 2948 Sed
901 2895 980 2954 non
998 2865 1191 2978 quodecet
1206 2874 1364 2952 candore
1383 2901 1530 2956 mecum

151 2998 229 3093 egit
284 2994 410 3083 ΝΜΜ,
441 2987 814 3092 praeterquamquod
839 2990 975 3077 multa,
1005 3013 1085 3089 quae
1110 2993 1228 3094 ipsum
1256 3016 1474 3076 monueram
1489 3006 1538 3072 ut·

149 3116 367 3212 corrigeret,
398 3113 437 3186 in
466 3133 535 3184 nos
568 3109 724 3206 iniquius
764 3105 884 3194 uitta,
921 3108 1027 3206 plane
1065 3109 1192 3187 intaih
1232 3107 1500 3192 diffimulavit
1489 3135 1535 3189 Μ.
1674 3163 1678 3168 -

149 3228 275 3306 sureda
299 3229 385 3324 lua3
414 3221 452 3308 ἃ
484 3223 597 3302 multa
624 3226 763 3312 etiam,
791 3213 871 3322 quan
898 3223 1158 3324 paralogismos
1183 3229 1259 3324 ejus'
1295 3227 1529 3316 indicabant.

148 3348 193 3422 ita
221 3349 416 3446 pervertit,
451 3357 493 3419 ut
524 3339 665 3420 Leliori
705 3337 914 3440 persuadeat
953 3361 1017 3417 eos
1062 3342 1154 3419 nihil
1194 3341 1260 3423 nist
1299 3345 1356 3420 vel
1389 3345 1529 3430 Calculi

148 3463 202 3538 vel
229 3463 323 3562 preli
360 3473 473 3540 errata
503 3455 631 3552 luille,·
657 3455 730 3536 hoc
753 3455 900 3556 insuper
926 3457 1027 3542 malae
1062 3457 1147 3536 fidei
1185 3460 1392 3549 commifit,
1419 3477 1460 3540 ut
1488 3463 1528 3536 ira

146 3576 420 3658 Praelatiuncula
441 3576 591 3656 Schedae
615 3572 675 3649 isti
685 3571 826 3674 praefixa
844 3571 1006 3664 diceret,
1026 3575 1062 3654 se
1087 3601 1163 3654 non
1188 3575 1353 3678 scripsisse
1373 3576 1532 3656 Librum

147 3697 249 3778 suum
263 3719 333 3798 pro
356 3693 568 3798 tyronibus,
588 3691 719 3790 quibus
732 3690 953 3792 relinqueret
974 3696 1095 3770 curam
1112 3693 1153 3770 ’δι
1168 3691 1393 3792 diligentiam
1408 3693 1526 3795 expil-

149 3813 253 3891 caudi
279 3837 418 3891 errores
433 3809 562 3888 calculi
584 3810 620 3884 &
632 3806 746 3912 preli',
779 3806 814 3893 se
831 3811 1097 3886 minutias'non
1118 3810 1325 3904 attendere,
1344 3809 1379 3886 se
1403 3823 1527 3892 tamea

151 3932 230 4031 post
245 3929 318 4030 jam
335 3917 542 4029 impreffum
559 3924 660 4004 soram
673 3925 954 4006 librum'multa'
970 3926 1015 4001 de
1037 3949 1138 4003 novo
1155 3925 1461 4018 animadvertiue,
1488 3933 1527 4014 δι
1677 3948 1683 3954 ·

11 4105 12 4110 a
149 4071 248 4125 nunc
277 4045 439 4145 adjecille
451 4055 579 4125 notatu
597 4041 727 4142 digna,
745 4065 816 4120 una
834 4065 919 4118 cum
938 4039 1079 4118 Calculi
1098 4043 1240 4141 &preli
1268 4047 1408 4132 erraris,
1434 4070 1527 4148 quo-

150 4187 234 4242 rum
249 4164 413 4264 quaedam
436 4163 556 4241 secum
571 4158 681 4237 ellent
699 4161 965 4237 communicata
993 4159 1037 4232 ab
1062 4161 1185 4234 amicis
1199 4192 1202 4200 ·
1215 4159 1306 4252 luis,
1323 4165 1419 4240 inter
1433 4188 1527 4266 quos

12 4297 13 4328 ³
152 4303 214 4356 me
228 4285 416 4358 nominat:
444 4294 487 4358 ut
509 4277 764 4356 veruoutcarn
779 4273 1005 4373 ,postquam
1020 4278 1214 4375 aeruginem
1224 4276 1331 4360 'suam
1346 4280 1473 4359 effudit
1485 4275 1529 4360 ia'

152 4397 276 4476 nescio
291 4422 386 4498 quos
408 4411 578 4498 tyrones,
608 4395 671 4495 qui
686 4393 853 4470 minutias
866 4391 904 4466 δι
925 4391 1059 4469 leviora
1079 4393 1273 4495 sphalmata
1296 4407 1434 4475 tantum
1450 4422 1526 4475 car

13 4581 14 4608 ³
153 4528 271 4616 punt,
293 4540 371 4592 rem
385 4529 501 4594 totam
515 4540 560 4594 eo
575 4511 724 4620 dirigit,
752 4524 793 4628 ut
817 4505 1024 4620 persuadeat
1038 4511 1251 4617 quidquid
1239 4536 1279 4591 ro
1302 4538 1348 4594 aa
1378 4505 1525 4592 Adden-

274 4622 376 4714 Tam.
407 4625 477 4720 ll.
941 4609 1025 4736 „Q
1394 4625 1526 4708 dartana
