4288 5564
390 283 393 292 ’
528 334 596 402 Μ
760 276 1757 406 conuenerurrrrrsaoareuar.

369 509 473 583 1700
622 463 739 564 Quod
774 463 820 544 ad
849 459 1054 544 calendarii
1084 455 1159 537 Res
1140 457 1402 538 formationem
1444 462 1603 557 attinet;
1635 479 1727 565 puto
1758 491 1835 548 non
1870 469 1940 552 ell'e

364 591 473 687 April
543 585 774 666 necelsarium
802 595 844 660 ut
873 578 1014 682 Cyclos
1046 600 1165 656 novos
1199 579 1415 668 moliamur,
1446 591 1507 656 aut
1536 605 1555 656 a
1581 573 1803 686 Gregoriano
1834 611 1949 668 com--

546 718 639 806 puto
664 702 806 805 prorsus
831 696 1070 791 discedamus;
1102 718 1251 775 cumea
1284 721 1362 798 quae
1385 698 1520 796 placuit
1549 693 1752 780 Ratirbonae
1780 705 1949 786 colletlis·

548 821 850 922 Evangelicorum
876 814 1025 918 Imperii
1053 815 1208 892 statuum
1229 811 1374 913 Legatis
1397 839 1519 892 raroa
1547 809 1776 919 Gregoriana
1798 826 1941 902 ratione
1980 867 1994 886 ι

549 939 590 1016 fit
619 944 786 1024 abitura,
816 933 975 1012 sedhuc
1001 947 1142 1010 tantum
1172 931 1372 1008 tendebam·
1395 933 1433 1008 iu
1463 929 1609 1011 Litteris
1637 935 1681 1011 ad
1710 937 1955 1018 Academiam¹

548 1055 701 1156 Regiam
727 1055 842 1131 meis:
868 1047 893 1126 sr
922 1049 1088 1129 Consiliis
1115 1045 1208 1126 Dni.
1240 1045 1463 1136 Cnssrua,
1496 1049 1723 1153 aliorumque
1745 1054 1941 1156 insignium

550 1171 752 1250 Academiae
785 1169 1088 1248 Astronomorunr
1120 1165 1358 1255 obtineatur,
1402 1177 1450 1244 ut*
1473 1161 1645 1244 Pontifex
1682 1169 1867 1252 Romanus
1902 1177 1956 1252 in*

550 1301 730 1390 computo
763 1290 836 1384 iarn
855 1298 1004 1384 recepto
1034 1283 1198 1384 quaedam
1223 1281 1382 1383 explicet
1411 1285 1449 1359 in
1477 1285 1630 1375 meliuS,
1659 1285 1760 1365 Bulla
1784 1293 1953 1392 quadam·

550 1407 783 1484 declaratoria
813 1399 955 1481 sortasse
994 1399 1178 1488 edenda,
1220 1407 1333 1502 eaque
1369 1400 1414 1478 de
1443 1426 1482 1478 re
1512 1417 1651 1481 mature
1690 1411 1954 1488 cumpositis

551 1525 873 1622 communicetur,
904 1515 1170 1620 polle-fortasse
1198 1519 1350 1619 plenum
1377 1520 1560 1622 utriusque
1592 1527 1700 1623 partis
1729 1525 1952 1606 consensum·

550 1643 733 1728 obtineri,
761 1643 797 1718 &
821 1636 902 1714 sane
930 1640 1007 1732 [ut
1029 1637 1103 1716 hoc
1127 1635 1214 1715 Tibi
1240 1637 1401 1736 ejusdem
1429 1637 1630 1718 Academiae
1657 1667 1803 1720 mecum
1825 1669 1952 1723 mem--

549 1761 652 1848 bro,
692 1762 882 1836 inaurem
914 1756 1071 1860 dicam]
1111 1759 1183 1855 jarn
1217 1753 1327 1836 Dnus
1362 1758 1595 1837 Cnssruus
1632 1760 1950 1868 consultationem

552 1878 733 1980 quandam
765 1875 838 1954 huc
867 1875 1069 1952 facientemw
1092 1869 1244 1950 Romam
1280 1871 1391 1953 mitit..
1428 1876 1552 1977 ltaque
1581 1901 1700 1978 rogo,
1729 1893 1770 1957 ut
1802 1877 1817 1973 [
1847 1877 1952 1986 diffig

495 2089 500 2101 „
548 1996 682 2074 mulata
714 2010 841 2072 tamen
869 1994 936 2070 hac
970 1995 1098 2069 notitia
1118 1992 1143 2088 ]Ι
1173 1989 1263 2071 Dno
1286 1991 1623 2072 Vanreuonro
1649 1996 1776 2073 scribas
1794 2055 1813 2085 ,.
1833 1997 1940 2074 intel·
2010 1991 2016 1997 ”

547 2111 672 2191 lexilse
697 2111 751 2189 Te
782 2137 810 2190 a
829 2135 913 2200 me,
943 2107 1042 2211 polse'
1077 2134 1149 2210 ope
1178 2108 1382 2186 Academiae
1408 2111 1611 2212 plurimum
1630 2113 1953 2214 conferriad.per·-

546 2230 739 2308 sitiendam
767 2227 949 2329 utriusque
976 2225 1180 2305 Calendarii
1207 2227 1465 2318 harmoniam,
1495 2226 1521 2305 A
1550 2230 1648 2307 suasu
1673 2233 1748 2330 ejus
1775 2233 1818 2309 ab
1851 2231 1953 2310 Aula·

548 2346 713 2427 Romana
739 2345 840 2426 Bulla
866 2345 1100 2424 declaratoria
1123 2343 1280 2422 obtineri
1303 2345 1433 2443 poisat,
1457 2347 1623 2448 inprimis
1646 2347 1672 2424 fl
1700 2349 1745 2426 de
1766 2374 1815 2426 re·
1841 2352 1940 2447 prius
1993 2367 2007 2389 ·

550 2489 637 2543 cum
671 2464 940 2543 Mathematicis
983 2459 1200 2562 quibusdam
1243 2459 1526 2541 Protestantibus
1559 2489 1624 2565 per
1658 2463 1952 2544 Mathematicos

549 2581 753 2660 Academiae
781 2577 1081 2659 communicetur.
1132 2575 1360 2681 Rogabisque
1381 2580 1485 2658 srmul
1510 2579 1951 2660 Duum..Van.1ouo--

550 2721 604 2774 ur
623 2721 707 2782 un,
739 2721 825 2772 meo
852 2702 1034 2784 nomine,
1069 2708 1114 2773 ut
1141 2710 1305 2773 caveatur
1333 2723 1381 2774 ne
1415 2698 1453 2773 id
1484 2697 1685 2776 consilium·
1709 2713 1853 2776 emanet
1886 2703 1950 2776 in«

552 2813 794 2912 tempestive,
832 2809 869 2884 dc
896 2809 939 2884 ab
971 2831 1016 2883 eo
1045 2830 1200 2906 quaeres,
1227 2812 1377 2884 nomine
1405 2810 1535 2914 Tuo,
1561 2813 1737 2913 quidnam
1768 2831 1869 2916 putet
1898 2841 1949 2893 ear

552 2931 657 3004 inre
687 2921 885 3004 commode
916 2923 993 2999 lieri
1021 2915 1144 3020 polle,
1175 2935 1236 2999 aut
1256 2945 1416 3027 quanam
1443 2928 1491 3003 in
1510 2947 1553 3006 re
1579 2923 1821 3033 Gregorianos
1838 2957 1951 3011 com--

556 3056 667 3145 putos
705 3043 895 3142 temperari
930 3036 1029 3141 posse
1052 3039 1251 3117 arbitretur.
1317 3041 1433 3137 Quod
1466 3043 1580 3123 abeo
1611 3049 1822 3150 intelliges,
1851 3052 1979 3134 mihi..

557 3174 599 3240 ut
619 3173 758 3237 mature
780 3156 957 3259 significes
980 3171 1079 3258 pete.

617 3276 802 3356 Ordinum
826 3276 973 3376 Imperii
996 3271 1298 3374 Evangelicorum
1323 3281 1474 3354 nomine
1496 3277 1688 3381 scriptum
1700 3283 1755 3358 est
1775 3277 1941 3363 Ratisbo

558 3417 608 3472 na
639 3396 747 3471 etiam
778 3394 823 3472 ad
853 3387 1033 3469 Faederati
1065 3385 1185 3497 Belgii
1228 3392 1386 3474 Ordines
1422 3391 1657 3490 Generales,¹
1683 3403 1938 3504 petitumque,
1942 3459 1951 3480 ‚

558 3525 601 3590 ut
622 3511 735 3588 velint
763 3513 973 3590 communia
999 3507 1145 3588 coniitia
1167 3510 1274 3613 sequi.
1307 3511 1452 3615 Nempe
1484 3507 1685 3594 Retisbonae
1715 3519 1869 3617 placuit,
1899 3532 1943 3597 ut

559 3633 684 3708 omnia
711 3630 757 3707 ad
793 3631 979 3708 veritatem
1016 3627 1304 3711 Astrouotuicam
1342 3622 1581 3710 &Nicaenar
1616 3633 1782 3714 Canones
1811 3637 1949 3718 consti·-

497 3776 500 3782 ’
560 3760 725 3826 tuantur:
773 3745 827 3826 Ita
849 3770 930 3824 raro
956 3771 976 3822 a
1001 3743 1236 3850 Gregorianis
1261 3745 1488 3828 dissentirent
1537 3747 1710 3851 Suspicor
1741 3751 1796 3830 Te
1829 3755 1950 3832 atuis·

563 3855 863 3972 Groningefflbus
891 3866 928 3941 de
955 3859 1251 3942 Voconium
1269 3867 1433 3944 nostrum
1467 3867 1511 3944 ab
1537 3859 1725 3946 Hodandis
1756 3871 1826 3947 sois
1851 3894 1945 3947 con·

560 3980 691 4057 fultum
719 3987 785 4076 iri3
811 3982 901 4086 quid
930 3981 1224 4083 respondendum
1253 4005 1318 4062 vos
1351 3983 1531 4063 videritis:
1562 4001 1705 4084 gratum
1732 4005 1853 4064 tamen
1876 3987 1955 4063 erit·
2002 3985 2008 3997 “

560 4097 650 4173 mihi
674 4111 813 4175 mature
835 4100 1037 4200 intelligere
1064 4099 1274 4179 sententiam
1299 4101 1459 4179 vestram.
1519 4101 1612 4196 Quae
1644 4101 1729 4179 Tibi
1760 4105 1877 4181 scribo
1899 4106 1945 4182 de

562 4211 637 4291 boc
656 4217 832 4314 negotio,
862 4221 985 4293 omnia
1008 4241 1092 4296 cum
1120 4215 1289 4298 Domino
1312 4214 1557 4296 Voeuuno
1583 4223 1857 4300 communicare
1884 4245 1954 4322 po·

559 4345 640 4419 tes,
672 4351 828 4433 excepto
867 4329 968 4433 quod
1002 4333 1047 4440 de
1073 4336 1374 4416 consultatione
1361 4359 1472 4436 Jama
1481 4334 1600 4418 Dno.
1634 4335 1850 4417 Cassruo
1878 4331 1948 4416 Ro

449 4545 453 4566 ,
559 4472 654 4528 mam
681 4447 777 4528 milla
806 4439 906 4546 dixi3
934 4446 993 4526 sed
1019 4449 1283 4544 admonendo,
1300 4467 1343 4534 ut
1365 4451 1428 4534 libi
1444 4457 1587 4551 servet3
1608 4455 1944 4534 nolimeninrcon-

383 4573 385 4580 ‘
844 4604 848 4614 ¹
1825 4571 1939 4652 filiurn
