4166 5558
469 373 482 446 ²·
561 409 671 492 ast·
739 395 1865 483 corrnrncrunarrsrorrcurr.
1947 487 1966 508 ‚

359 577 361 582 ·
386 573 491 655 1715,
559 537 711 614 certo&
726 536 959 612 infallibiliter
975 533 1141 628 forteque
1157 529 1257 604 brevi
1268 527 1505 602 subsecutura:
1521 527 1611 602 nihil
1628 531 1726 604 enim
1741 529 1841 608 aliud
1862 531 1973 631 supe?

383 663 524 760 August.
559 653 648 731 nise
671 678 782 753 quam
800 651 1076 728 ratificationem
1093 645 1373 722 Moderatorum
1400 641 1550 720 Decreti
1570 647 1609 720 in
1621 647 1754 723 Senatu
1780 671 1970 748 peragen-

564 774 674 850 dam:
705 769 905 846 Decretum
923 781 1044 841 autem
1063 761 1180 861 ipsum
1200 760 1365 856 nondum
1393 758 1490 836 fuisse
1513 761 1767 861 propositam,
1805 771 1970 864 propter

572 881 772 965 Turrz'cum
798 885 960 970 bellum,
985 885 1021 955 in
1043 881 1146 981 quod
1167 879 1319 955 Senatus
1346 879 1419 974 jam
1450 901 1578 954 omnes
1612 880 1685 956 snas
1714 883 1966 982 cogitationes

565 1023 704 1082 vertat:
736 1002 1009 1102 Expectandum
1037 1003 1158 1095 itaque
1183 995 1252 1072 else
1275 1010 1528 1080 momentum,
1555 1019 1630 1094 quo
1656 997 1808 1076 Senatus
1831 1000 1881 1078 de
1913 1027 1964 1078 re·

555 1121 633 1199 'bus
663 1123 740 1198 allis
768 1119 994 1218 tranquillius
1016 1117 1211 1192 deliberare
1235 1111 1349 1214 poffit.
1391 1113 1688 1212 Speremusfore
1720 1131 1776 1200 ut,
1806 1119 1963 1218 accepto

566 1242 700 1316 nuntio
723 1239 768 1314 de
796 1231 1008 1312 Turenum
1032 1231 1230 1328 gravissima
1258 1232 1360 1306 clade
1381 1234 1420 1305 in
1444 1223 1667 1334 Hunguria,
1695 1227 1836 1310 Veneti
1836 1287 1959 1312 .....

568 1406 975 1434 ,............
1006 1355 1167 1426 animum
1191 1349 1380 1425 resumant.
1731 1347 1742 1354 “

624 1471 748 1549 Facile
772 1468 986 1547 crediderim
1017 1465 1160 1542 Herm
1176 1489 1306 1541 inno
1336 1461 1483 1542 difficile
1511 1489 1588 1542 non
1609 1465 1721 1544 videri
1751 1466 1902 1562 [saltem
1920 1471 1958 1544 in

567 1614 607 1667 ea
633 1613 704 1688 qua
731 1587 880 1685 sumpsit
898 1581 1140 1676 extensione]
1174 1581 1365 1662 Problcma
1397 1582 1443 1660 de
1468 1584 1576 1660 ductu
1600 1585 1955 1683 perpendicularium

566 1707 611 1782 ad
639 1705 776 1784 Seriem
793 1725 997 1780 curvarum,
1040 1695 1355 1800 Miror-namque,
1379 1700 1480 1800 quod
1496 1723 1573 1774 non
1593 1705 1792 1800 perceperis
1809 1703 1958 1778 nietho·

566 1825 681 1911 dum,
708 1843 779 1922 qua
816 1821 907 1895 folvi
937 1815 1037 1917 polle
1066 1815 1224 1922 scripfit,
1251 1817 1318 1894 esse
1342 1815 1462 1894 Tuam
1481 1817 1712 1914 ipl'ssimam,
1738 1842 1871 1914 quam,
1892 1843 1956 1894 an·

540 1947 602 2018 'te
631 1938 842 2036 complures
875 1959 1015 2022 annos,
1043 1937 1080 2009 in
1112 1935 1238 2011 litteris
1269 1934 1358 2011 Tuis
1384 1929 1465 2034 (1),
1499 1935 1694 2034 postquam
1725 1933 1809 2010 Tibi
1834 1961 1951 2015 meam
2023 1919 2032 1932 ⁵

565 2053 808 2155 aperuissem,
838 2076 985 2130 mecum
1012 2048 1161 2128 vicillim
1199 2051 1497 2142 communicalli3
1529 2073 1600 2149 ego
1627 2075 1715 2132 vero
1741 2053 1950 2151 publicari,¹

564 2187 779 2270 excerptum
804 2195 850 2246 ex
875 2168 1031 2270 Epistola
1053 2166 1134 2246 Tua
1151 2168 1193 2244 ad
1208 2159 1308 2244 Assa
1325 2157 1514 2272 sirfietyr'cr
1542 2171 1697 2244 mittens.
1745 2167 1832 2246 Vid.
1855 2161 1950 2245 Atta

561 2280 762 2395 Lipsterfia
789 2287 897 2366 Anno
925 2297 1061 2383 1698,
1090 2308 1173 2384 pag.
1201 2309 1280 2381 4⁷1
1299 2279 1374 2386 (2)
1395 2281 1738 2384 Hunni-annus,
1766 2289 1851 2387 qui.
1877 2347 1885 2362 .
1907 2343 1947 2362 ..

563 2458 883 2484 .............
916 2405 1027 2480 habet
1066 2399 1299 2478 felicissimam
1342 2405 1559 2478 memoriam·
1589 2405 1784 2482 revocandi
1806 2427 1846 2480 ea
1871 2425 1951 2504 quae·

562 2524 626 2600 diu
650 2540 732 2602 ante
756 2511 929 2600 inlibris
948 2523 1046 2619 legit,
1067 2541 1144 2594 rem
1163 2519 1266 2596 iliam
1291 2518 1387 2595 suam
1406 2517 1522 2596 facere
1542 2515 1690 2611 rolens,
1711 2520 1838 2597 habitu
1858 2545 1951 2596 non-

561 2637 654 2717 nihil
674 2659 841 2728 mutat0,
871 2639 957 2716 aliis·
977 2635 1151 2713 obtrudit,
1198 2634 1235 2712 Si
1264 2635 1391 2714 locum
1414 2637 1563 2712 citatum
1589 2637 1784 2726 conferas,
1813 2639 1948 2716 videbis

469 2759 473 2764 ’
562 2755 733 2839 facillime
758 2754 977 2857 potillrmam
1002 2752 1240 2830 diversitatem
1258 2757 1295 2830 in
1324 2776 1372 2830 eo
1401 2750 1615 2841 consistere,
1649 2768 1689 2832 ut
1718 2749 1949 2833 Hartman-

561 2897 652 2954 rrus
678 2887 788 2953 vocet
818 2861 1030 2962 modulante,
1059 2871 1161 2968 quod
1184 2869 1426 2962 formabas
1457 2859 1753 2976 cmstantemftd
1776 2867 1943 2949 variabi-

562 2983 632 3068 lem
667 2990 712 3088 b;
746 3013 818 3092 ego
843 3013 932 3067 vero
953 2981 1114 3068 Limam
1136 2975 1254 3062 locum
1279 2985 1493 3093 prerrcnnetrr'¹
1516 2977 1717 3063 varr'abr‘si'r
1738 2990 1939 3067 habentem.

560 3103 709 3186 Fallitur
737 3127 858 3188 autem
885 3103 922 3184 H
938 3128 1034 3184 unm
1052 3129 1076 3180 a
1092 3129 1118 3180 u
1133 3125 1199 3180 uu
1218 3129 1258 3192 s,
1293 3103 1440 3201 quando
1464 3117 1565 3202 putat
1590 3105 1807 3184 methodum
1829 3108 1943 3201 hanc,

559 3223 632 3301 live
659 3223 804 3310 Tuam,
832 3223 903 3300 five
925 3225 1021 3300 suam
1036 3219 1111 3300 tam
1126 3220 1228 3299 facile
1251 3221 1437 3298 adomnia
1461 3220 1628 3320 exempla
1648 3226 1820 3324 applicari
1834 3223 1948 3325 polle.-

561 3339 599 3420 Si
619 3365 691 3444 pro
714 3341 830 3418 curvis
849 3342 1180 3418 transcendentibus
1201 3353 1339 3417 tentare
1368 3335 1534 3416 voluilier
1550 3339 1798 3431 solutionem,
1827 3345 1944 3421 obfer-

562 3483 644 3539 vare
671 3452 843 3561 potuisset
872 3461 1006 3534 mirum
1030 3471 1207 3560 quantum
1233 3457 1353 3534 adhuc
1378 3455 1521 3548 deesse,
1555 3462 1752 3558 quominus
1776 3461 1840 3538 ista
1872 3485 1942 3538 ure·

561 3577 697 3656 thodus
717 3573 891 3654 succedat.
939 3571 1084 3679 Aliquid
1109 3574 1274 3674 profesio
1292 3579 1330 3650 in
1353 3569 1434 3652 casu
1463 3573 1788 3654 transcendentium
1818 3580 1940 3678 depre-

560 3697 709 3783 hendo,
737 3692 839 3800 quod
855 3693 891 3767 ἅ
906 3690 995 3766 mihi
1013 3691 1212 3765 etiamnum
1227 3713 1408 3769 remoram
1422 3693 1558 3790 injicit,
1583 3695 1765 3796 facitque,
1786 3710 1828 3771 ut
1851 3719 1939 3772 non-

508 3865 511 3870 -
561 3813 648 3890 dum
675 3805 872 3911 plenariam
896 3809 1141 3894 solutionem,
1170 3806 1280 3884 talem
1310 3810 1454 3908 qualem·
1473 3823 1662 3906 optarem,
1684 3811 1860 3890 invenille
1882 3836 1940 3892 ma

559 3928 687 4027 lallare
709 3927 864 4026 possim,
895 3925 1017 4002 saltem
1041 3927 1078 4002 in
1107 3923 1318 4026 quibusdam
1342 3927 1669 4006 transcendentium
1701 3931 1897 4028 generibus
1924 3951 1938 4025 3

558 4069 644 4124 narn
665 4048 702 4118 in
718 4046 904 4142 permultis
926 4045 1002 4120 aliis
1027 4067 1081 4122 res
1108 4039 1200 4119 mihi
1213 4043 1431 4144 perpulchre
1451 4039 1619 4122 succedit.
1657 4043 1744 4122 Non
1760 4048 1939 4124 beneme-

558 4165 682 4249 mini,
714 4183 802 4236 num
834 4164 1034 4258 aperuerim
1059 4157 1348 4240 Hermanno
1377 4161 1717 4240 differentiationem
1741 4165 1939 4242 extraordi-

556 4284 719 4372 nariam3
748 4277 888 4356 videtur
905 4291 1025 4354 unna
1037 4275 1253 4378 probabile,
1272 4281 1323 4358 ob
1345 4279 1584 4381 frequentem,
1608 4303 1716 4383 qua-m
1730 4281 1934 4374 habuimus,

605 4504 664 4600 (r)
690 4505 787 4600 Epist.
820 4501 893 4578 Vl.
1017 4597 1019 4604 Ι
1894 4401 1937 4480 de

607 4601 667 4698 (a)
698 4615 772 4702 opp.
802 4600 955 4722 Berrroull.
986 4605 1093 4710 Tora,
1111 4607 1136 4678 Ι.
1162 4609 1222 4684 Ν’.
1250 4603 1343 4684 Lll.
1371 4635 1444 4706 pag.
1465 4612 1549 4702 267.
1569 4615 1650 4727 26}
