4134 5554
550 381 623 454 266
702 371 1239 458 commonetur!
1289 373 1851 452 EPISTOLICUM.

385 559 490 639 1712.
555 547 625 601 uos
647 525 686 600 in
709 521 831 598 lucem
864 516 1013 620 prodiit
1076 513 1375 596 Communi-'cauit
1398 531 1570 618 practerea
1591 521 1838 620 experimenta
1854 514 1965 624 quael

380 648 514 740 januar.
560 643 641 720 dam
668 665 691 715 a
716 637 884 716 societate
902 623 1121 740 landinnfi
1134 633 1251 730 'sasia,
1280 639 1378 714 circa
1407 633 1623 714 descensum
1652 640 1838 736 gravium:
1857 638 1984 717 Clo--

558 762 648 838 bum
678 756 814 834 scilicet
837 775 884 830 err
910 747 1062 852 argento
1089 753 1175 830 rivo
1196 744 1330 856 (haud
1356 751 1466 834 dubit
1497 747 1822 856 acalgamato(1-),
1846 757 1966 856 quod'

560 900 639 954 non
674 866 800 972 addit)
830 869 995 946 diametri
1019 853 1113 972 7⁸5-
1142 869 1339 970 pollicum,
1366 871 1405 950 ἃ
1427 870 1598 972 ponderis
1617 887 1698 964 908
1733 895 1956 971 granorum,

560 988 774 1072 descendisse
812 1009 992 1089 peracto
1029 987 1142 1089 pedet
1180 990 1341 1087 anglic,
1376 999 1533 1088 quatuor
1567 994 1717 1066 minutis
1758 990 1962 1085 secundis3

559 1111 620 1190 sed
645 1109 810 1188 Globum
835 1107 988 1184 vitreum
1011 1106 1179 1184 diametri
1205 1125 1218 1184 ι
1257 1099 1293 1200 ,10
1324 1105 1413 1208 poll.
1441 1127 1545 1206 gran,
1577 1130 1684 1200 510,
1701 1108 1959 1206 pereamdem

562 1228 791 1308 altitudinem
824 1221 1039 1302 descendisse
1064 1215 1123 1307 8}
1157 1220 1292 1302 secund
1317 1227 1408 1324 cita
1438 1239 1479 1300 ut
1509 1223 1595 1312 hic,
1629 1226 1711 1326 plus
1741 1247 1853 1324 quam
1886 1227 1957 1304 du-

560 1347 627 1450 plo
659 1344 790 1442 majori
816 1353 985 1440 tempore
1009 1365 1102 1442 opus
1129 1340 1317 1428 habuerit,
1342 1364 1456 1442 quam
1487 1343 1549 1418 ille
1571 1367 1590 1437 ;.
1615 1343 1718 1444 quod
1748 1341 1960 1422 resistentia

561 1463 676 1552 a'e'ris,
699 1483 778 1562 quae
807 1460 984 1554 majorem
1016 1452 1182 1537 effectum
1214 1455 1341 1536 habuit
1370 1460 1409 1536 i'n
1440 1462 1571 1538 vitrum
1601 1485 1708 1562 quarn
1741 1463 1778 1536 i'n
1808 1483 1957 1540 mercu-

561 1583 684 1667 rium,
710 1579 761 1654 esi
783 1574 1068 1654 adscribendum.
1096 1573 1384 1672 Discrepantiam
1403 1592 1523 1654 autem
1548 1589 1622 1654 tarn
1650 1575 1852 1657 sensibilem
1870 1603 1953 1678 nqu

562 1693 797 1776 credidissem.
831 1692 993 1772 Altenam
1018 1695 1311 1796 experimentum
1336 1707 1431 1782 erat,
1461 1694 1568 1794 quod·
1594 1703 1654 1773 atr
1687 1693 1840 1796 perflans
1873 1719 1956 1772 rne-

559 1815 687 1892 tallum
723 1811 878 1914 aliquod
907 1809 1067 1890 candens
1106 1807 1127 1917 (
1142 1810 1235 1888 forte
1261 1806 1524 1912 liquefactum)
1553 1811 1597 1888 ad
1617 1813 1888 1912 respirationem
1907 1813 1958 1888 fit*

560 1931 699 2010 inutilis
726 1954 735 2007 t
767 1923 830 2032 (a)
853 1926 946 2006 ltem
973 1930 1076 2030 quod
1101 1927 1375 2026 refrangibilitas
1405 1930 1444 2004 io
1479 1928 1665 2029 diaphonis
1690 1927 1841 2022 fluidis,
1869 1953 1950 2005 non

400 2139 405 2148 .
561 2049 744 2146 gravitati
772 2043 947 2146 specificae
969 2103 986 2134 ,,
1017 2046 1077 2124 sed
1112 2068 1240 2132 eorum
1273 2043 1590 2123 inflammabilitati
1628 2049 1951 2148 proportionetur..

560 2165 630 2243 Sed
660 2146 736 2243 no'n
767 2163 844 2240 satis
860 2167 999 2262 capio,
1023 2165 1122 2241 uude
1146 2165 1246 2240 enim
1271 2183 1367 2262 aqua:
1392 2161 1544 2241 duceret
1576 2161 1674 2240 suam
1707 2163 1946 2263 resrangibili·

560 2295 696 2370 tatem,
726 2279 904 2382 srquidem
926 2279 1191 2359 inflammabilis
1223 2279 1331 2358 nullo
1353 2279 1474 2358 modo
1494 2278 1567 2358 dici
1596 2278 1720 2382 poffir..

641 2399 778 2499 Accepi
800 2421 916 2497 nuper
933 2398 997 2475 sub
1011 2399 1227 2486 involucro,
1255 2397 1316 2474 sed
1335 2393 1409 2474 line
1424 2395 1580 2502 ‘adjectis
1602 2398 1753 2486 litteris,
1777 2394 1952 2475 schedam

560 2517 719 2622 aliquam
747 2513 948 2616 impressam
992 2517 1055 2594 sub
1098 2517 1174 2594 hoc
1210 2513 1320 2592 titulo
1363 2513 1615 2593 Cocurrnn
1646 2511 1944 2605 Hancunua,
2061 2545 2062 2608 ξ

551 2627 622 2743 [ru
645 2630 832 2710 Probinou
848 2624 1058 2736 Ρναςεψ,
1079 2621 1339 2740 Augustrfflmt
1362 2623 1604 2710 Romanarum
1633 2630 1849 2740 imperatori
1862 2629 1946 2710 Cn·
2061 2621 2062 2672 ⁷

542 2773 689 2830 nono
717 2739 975 2859 Visubmrfle
1001 2743 1271 2858 consecratum,
1302 2743 1462 2846 erunibus
1494 2743 1693 2828 Geometri's
1719 2749 1758 2826 i'n
1790 2739 1954 2848 sirenmn·

554 2869 646 2947 anni
681 2891 789 2965 1712
817 2859 1040 2974 proposition.
1085 2868 1228 2968 lpsirrn-
1249 2888 1338 2945 vero
1362 2863 1580 2964 Problema,
1610 2867 1713 2970 quod
1742 2865 1864 2946 autlor
1883 2871 1947 2948 tri·

557 2989 625 3068 bus
649 2985 807 3065 distichis
832 2988 1026 3086 concepit,
1045 2985 1099 3062 es’t
1122 2985 1230 3062 valde·
1247 2979 1383 3060 triviale
1398 3007 1416 3078 3«
1434 2999 1475 3062 ut
1502 2985 1612 3064 miter
1641 2983 1757 3086 ipsum
1778 3005 1854 3060 non
1876 3007 1951 3086 pu=

557 3103 670 3183 duiffe
698 3106 737 3182 id
762 3106 801 3182 in
820 3101 1011 3205 publicoru
1033 3103 1197 3204 spargere
1224 3098 1334 3178 :huc
1357 3104 1454 3176 enim
1485 3101 1590 3180 redit.
1653 3095 1827 3180 Invenire
1827 3093 1943 3208 spbar-

403 3301 408 3306 ,
555 3241 661 3308 tam,
688 3219 790 3323 cujus
810 3211 1052 3338 superficies,
1077 3243 1159 3296 unc
1184 3240 1276 3294 cum·
1291 3205 1489 3324 superficie
1513 3215 1594 3296 dati
1621 3215 1778 3325 alicry'us
1813 3209 1945 3320 Cydne

557 3335 620 3414 d'ri
657 3328 747 3412 redii
772 3331 955 3442 (exclusis
992 3329 1165 3443 bifidus)
1180 3393 1196 3426 ,
1221 3331 1369 3440 aqualis
1412 3349 1445 3410 rt
1467 3327 1683 3442 superficiei
1718 3330 1820 3440 globi
1856 3331 1942 3414 doto

560 3447 730 3565 cylindro
755 3445 1030 3561 circumscripti.
1070 3451 1230 3532 Forsrtao
1259 3453 1372 3530 etiam·
1401 3451 1447 3530 ad
1480 3449 1536 3530 Te
1570 3453 1758 3555 exemplar
1790 3449 1947 3553 aliquod

446 3605 454 3616 ·
555 3574 699 3652 missum
726 3571 785 3648 est
833 3569 984 3650 Interim
1005 3571 1134 3672 aliquis
1163 3593 1210 3648 ex
1233 3567 1431 3670 Discipulis
1458 3573 1547 3648 meis
1571 3569 1791 3649 solutionem
1821 3569 1941 3658 stum,

554 3694 593 3768 io
616 3689 718 3770 ssmili
751 3689 883 3768 scheda
909 3688 1175 3788 conscriptam,
1201 3689 1371 3787 protinus
1399 3681 1563 3792 Pragam
1583 3683 1740 3778 remifit,
1775 3685 1839 3764 sub
1866 3687 1941 3766 hoc

554 3811 665 3886 titulo
694 3833 701 3884 :
733 3806 799 3888 Co
812 3831 912 3886 aura
925 3829 989 3884 un
1017 3797 1212 3886 Herculeo
1225 3861 1236 3893 ‚
1250 3795 1338 3911 fine
1364 3792 1486 3882 labore
1524 3797 1708 3886 Hereum
1729 3795 1945 3912 snperato}

542 3917 615 4028 seu
642 3921 880 4002 Probserrmtir
900 3915 1113 4030 Prcagtrfis,
1148 3911 1314 4026 Augusto
1339 3915 1588 4002 Romanorum·
1611 3921 1833 4031 Imperatori
1858 3922 1944 4004 Cn-

557 4061 706 4120 nouo,
725 4038 757 4118 V
773 4031 803 4118 Ι.
829 4033 1029 4150 confimari
1049 4033 1211 4150 solutio,
1238 4029 1289 4128 ἐν
1313 4030 1540 4147 constructo,
1561 4045 1666 4130 itura
1689 4041 1940 4148 utnusquam

1831 4153 1945 4266 sm.
2060 4153 2061 4158 ψ

658 4383 718 4482 (1)
758 4387 888 4463 Globus
920 4393 1135 4466 eratvitreur
1161 4411 1298 4488 argento
1325 4387 1555 4487 vicopleno.
1594 4385 1674 4460 Vid
1721 4390 1831 4485 Trans
1860 4388 1936 4465 Pstis
1964 4426 1967 4436 =

555 4487 615 4568 Μ
647 4498 727 4681 353
747 4583 831 4662 rua.
